@article{Wojciechowski2004,
author = {Wojciechowski, KW and Frenkel, D.},
file = {:home/dwblair/.local/share/data/Mendeley Ltd./Mendeley Desktop/Downloaded/Wojciechowski, Frenkel - 2004 - TETRATIC PHASE IN THE PLANAR HARD SQUARE SYSTEM.pdf:pdf},
journal = {Computational Methods in Science and Technology},
number = {2},
pages = {235--255},
title = {{TETRATIC PHASE IN THE PLANAR HARD SQUARE SYSTEM?}},
url = {http://www.man.poznan.pl/cmst/www.old/papers/10\_2/CMST10-12.pdf?ref=Sex\%C5\%9Ehop.Com},
volume = {10},
year = {2004}
}
