@article{Ras2011,
archivePrefix = {arXiv},
arxivId = {1110.4775},
author = {Ras, Tadeus and Schilling, Rolf and Weigel, Martin},
eprint = {1110.4775},
journal = {arXiv},
keywords = {Mathematical Physics,Statistical Mechanics},
month = oct,
pages = {5},
title = {{Regular packings on periodic lattices}},
url = {http://arxiv.org/abs/1110.4775},
year = {2011}
}
