@article{STROOBANTS,
author = {Stroobants, A. and Lekkerkerker, H. N. W. and Frenkel, D.},
issn = {0031-9007},
journal = {Physical review letters},
keywords = {Computer simulation,Cristal liquide,Cristal l\'{\i}quido,Estado esmectico,Estado nematico,Estudio te\'{o}rico,Etat n\'{e}matique,Etat smectique,Etude th\'{e}orique,Liquid crystals,Liquid smectic transformation,Metodo Monte Carlo,Monte Carlo method,M\'{e}thode Monte Carlo,Nematic smectic transformation,Nematic state,Phase transformation,Simulacion por computadora,Simulation ordinateur,Smectic state,Theoretical study,Transformaci\'{o}n fase,Transformaci\'{o}n l\'{\i}quido esm\'{e}ctico,Transformaci\'{o}n nem\'{a}tico esm\'{e}ctico,Transformation liquide smectique,Transformation n\'{e}matique smectique,Transformation phase},
language = {eng},
number = {12},
pages = {1452--1455},
publisher = {American Physical Society},
title = {{Evidence for smectic order in a fluid of hard parallel spherocylinders}},
url = {http://cat.inist.fr/?aModele=afficheN\&cpsidt=8211900},
volume = {57},
year = {1986}
}
