% This file was created with JabRef 2.3.1.
% Encoding: ISO8859_1

@STRING{cacm = {Communications of the ACM}}

@STRING{epjb = {Eur. Phys. J. B}}

@STRING{epl = {Europhys. Lett.}}

@STRING{ibmjr = {IBM J. Res. and Develop.}}

@STRING{ibmjst = {IBM J. Syst. and Tech.}}

@STRING{ieeetc = {IEEE Trans. Computers}}

@STRING{ijmpc = {Int. J. Mod. Phys. C}}

@STRING{ipl = {Information Processing Letters}}

@STRING{jacm = {Journal of the ACM}}

@STRING{jcp = {J. Chem. Phys.}}

@STRING{jcss = {Journal of Computer and System Sciences}}

@STRING{jltp = {J. Low Temp. Phys.}}

@STRING{jm = {Machta, J.}}

@STRING{jpa = {J. Phys. A: Math. Gen.}}

@STRING{jpcm = {J. Phys. A: Condens. Matter}}

@STRING{jsp = {J. Stat. Phys.}}

@STRING{mst = {Mathematical Systems Theory}}

@STRING{npb = {Nucl. Phys. B}}

@STRING{pcps = {Proc. Cmabridge Philos. Soc.}}

@STRING{physa = {Physica A}}

@STRING{pla = {Phys. Lett. A}}

@STRING{pra = {Phys. Rev. A}}

@STRING{prb = {Phys. Rev. B}}

@STRING{pre = {Phys. Rev. E}}

@STRING{prl = {Phys. Rev. Lett.}}

@STRING{rmp = {Rev. Mod. Phys.}}

@STRING{siamjc = {SIAM Journal on Computing}}

@STRING{tcs = {Theoretical Computer Science}}

@ARTICLE{Mac02,
  author = jm,
  title = {Sampling Chaotic Trajectories Quickly in Parallel},
  journal = jsp,
  year = {2002},
  volume = {109},
  pages = {863-873}
}

@ARTICLE{Mac99a,
  author = jm,
  title = {Cluster Methods for {I}sing System with Fields},
  journal = {Int. J. Mod. Phys. C},
  year = {1999},
  volume = {10},
  pages = {1427}
}

@ARTICLE{Mac99b,
  author = jm,
  title = {Entropy, Information and Computation},
  journal = {Am. J. Phys.},
  year = {1999},
  volume = {67},
  pages = {1074-1077}
}

@ARTICLE{Mac92a,
  author = jm,
  title = {The Computational Complexity of the Self-Avoiding Walk on Random
	Lattices},
  journal = jpa,
  year = {1992},
  volume = {25},
  pages = {521}
}

@ARTICLE{Mac91a,
  author = jm,
  title = {Phase Transitions in Fractal Porous Media},
  journal = prl,
  year = {1991},
  volume = {66},
  pages = {169-172}
}

@UNPUBLISHED{Mac90wh,
  author = jm,
  title = {Effective exponents for the superfluid transition in porous media},
  note = {Unpublished},
  year = {1990}
}

@ARTICLE{Mac89,
  author = jm,
  title = {Static and Dynamic Properties of Polymers in Random Media},
  journal = pra,
  year = {1989},
  volume = {40},
  pages = {R1720}
}

@ARTICLE{AdPr,
  author = {Adler, J. and Privman, V.},
  title = {Series Analysis of Tricritical Behavior: Mean-Field Model and Slicewise
	Pade Approximants},
  journal = jpa,
  year = {1995},
  volume = {28},
  pages = {2445}
}

@ARTICLE{Ah91,
  author = {Ahlers, G.},
  title = {Some Aspects of the Effect of Gravity on the Superfluid Transition
	in $^4${He}},
  journal = jltp,
  year = {1991},
  volume = {84},
  pages = {173}
}

@BOOK{AhHoUl,
  title = {The Design and Analysis of Computer Algorithms},
  publisher = {Addison-Wesley},
  year = {1974},
  author = {Aho, A. V. and Hopcroft, J. E. and Ullman, J. D.}
}

@ARTICLE{Ai,
  author = {Aizenman, M.},
  title = {Instability of Phase Coexistence},
  journal = {Comm. Math. Phys.},
  year = {1980},
  volume = {73},
  pages = {83}
}

@ARTICLE{ACCN,
  author = {Aizenman, M. and Chayes, J. T. and Chayes, L. and Newman, C. M.},
  title = {Discontinuity of the Magnetization in One-Dimensional $1/|x-y|^2$
	{I}sing and {P}otts Models},
  journal = jsp,
  year = {1988},
  volume = {50},
  pages = {1}
}

@ARTICLE{AiChChNe87,
  author = {Aizenman, M. and Chayes, J. T. and Chayes, L. and Newman, C. M.},
  title = {The Phase Boundary in Dilute and Random {I}sing and {P}otts Ferromagnets},
  journal = jpa,
  year = {1987},
  volume = {20},
  pages = {L313}
}

@ARTICLE{AiWe,
  author = {Aizenman, M. and Wehr, J.},
  title = {Rounding of First-Order Phase Transitions in Systems with Quenched
	Disorder},
  journal = prl,
  year = {1989},
  volume = {62},
  pages = {2503}
}

@ARTICLE{AlRi98,
  author = {Alava, M and Rieger, H},
  title = {Chaos in the Random Field {I}sing Model},
  journal = pre,
  year = {1998},
  volume = {58},
  pages = {4284}
}

@ARTICLE{AlBa00,
  author = {Albert, R. and Barabasi, A.-L.},
  title = {Topology of Evolving Networks: Local Events and Universality},
  journal = prl,
  year = {2000},
  volume = {85},
  pages = {5234}
}

@ARTICLE{AlBa99,
  author = {Albert, R. and Barabasi, A.-L.},
  title = {Emergence of Scaling in Random Networks},
  journal = {Science},
  year = {1999},
  volume = {286},
  pages = {509-512}
}

@ARTICLE{AmBaSt,
  author = {Amaral, L. A. and Barabasi, A.-L. and Stanley, H. E.},
  title = {Universality Classes for Interface Growth with Quenched Disorder},
  journal = prl,
  year = {1994},
  volume = {73},
  pages = {62}
}

@ARTICLE{AmCo,
  author = {Amitrano, C. and Coniglio, A.},
  title = {Growth Probability Distribution in Kinetic Aggregation Processes},
  journal = prl,
  year = {1986},
  volume = {57},
  pages = {1016}
}

@ARTICLE{AmMeSt,
  author = {Amitrano, C. and Meakin, P. and Stanley, H. E.},
  title = {Fractal dimension of the accessible perimeter of diffusion-limited
	aggregation},
  journal = pra,
  year = {1989},
  volume = {40},
  pages = {1713}
}

@ARTICLE{AnBe,
  author = {Andelman, D. and Berker, A. N.},
  title = {Scale-Invariant Quenched Disorder and its Stability Criterion at
	Random Critical Points},
  journal = prb,
  year = {1984},
  volume = {29},
  pages = {2630}
}

@ARTICLE{AnMa,
  author = {Anderson, R. and Mayr, E. W.},
  title = {Parallelism and the Maximal Path Problem},
  journal = IPL,
  year = {1987},
  volume = {24},
  pages = {121}
}

@INPROCEEDINGS{AnMi,
  author = {Anderson, R. J. and Miller, G. L.},
  title = {Deterministic Parallel List Ranking},
  booktitle = {Proceedings Third Aegean Workshop on Computing, AWOC 88},
  year = {1988},
  editor = {J. Reif},
  pages = {81-90},
  publisher = {Springer-Verlag}
}

@ARTICLE{AnLe,
  author = {Anderson, V. J. and Lekkerkerker, H. N. W.},
  journal = {Nature},
  year = {2002},
  volume = {416},
  pages = {811}
}

@ARTICLE{AnPrRa,
  author = {Angles d'Auriac, J.-C. and Preissmann, M. and Rammal, R.},
  title = {The Random Field {I}sing Model: Algorithmic Complexity and Phase
	Transition},
  journal = {J. Physique},
  year = {1985},
  volume = {46},
  pages = {L173}
}

@ARTICLE{AnSo,
  author = {Angles d'Auriac, J.-C. and Sourlas, N.},
  title = {The 3-d Random Field {I}sing Model at Zero Temperature},
  journal = {Europhys. Lett.},
  year = {1997},
  volume = {39},
  pages = {473}
}

@ARTICLE{ApCoMa,
  author = {Apostolakis, A. and Coddington, P. and Marinari, E.},
  title = {A Multi-Grid Cluster Labeling Scheme},
  journal = {Europhysics Letters},
  year = {1992},
  volume = {17},
  pages = {189},
  number = {??}
}

@INPROCEEDINGS{ArLuMoSuSz,
  author = {Arora, S. and Lund, C. and Motwani, R. and Sudan, M. and Szegedy,
	M.},
  title = {Proof verification and hardness of approximation problems},
  booktitle = {Proc. 33rd {IEEE} Symp. on Foundations of Computer Science},
  year = {1992},
  pages = {14}
}

@ARTICLE{AsOo58,
  author = {Asakura, S. and Oosawa, F.},
  journal = {J. Polym. Sci.},
  year = {1958},
  volume = {33},
  pages = {183}
}

@ARTICLE{Bachas,
  author = {Bachas, C. P.},
  title = {Computer-intractability of the Frustration Model of a Spin Glass},
  journal = jpa,
  year = {1984},
  volume = {17},
  pages = {L709}
}

@ARTICLE{BaCo,
  author = {Baillie, C. F. and Coddington, P. D.},
  title = {Comparison of Cluster Algorithms for Two-Dimensional {P}otts Models},
  journal = prb,
  year = {1991},
  volume = {43},
  pages = {10617-10621}
}

@ARTICLE{BaSn,
  author = {Bak, P. and Sneppen, K.},
  title = {Punctuated Equilibrium and Criticality in a Simple Model of Evolution},
  journal = prl,
  year = {1993},
  volume = {71},
  pages = {4083-4086}
}

@ARTICLE{BaTaWi,
  author = {Bak, P. and Tang, C. and Wiesenfeld, K.},
  title = {Self-Organized Criticality: An Explanation of $1/f$ Noise},
  journal = prl,
  year = {1987},
  volume = {59},
  pages = {381-384}
}

@ARTICLE{BaSo03,
  author = {Ball, R. C. and Somfai, E.},
  title = {Theory of Diffusion Controlled Growth},
  journal = pre,
  year = {2003},
  volume = {67},
  pages = {021401}
}

@ARTICLE{BaSp,
  author = {Ball, R. C. and Spivack, O. R.},
  title = {The interpretation and measurement of the $f(\alpha)$ spectrum of
	a multifractal measure},
  journal = jpa,
  year = {1990},
  volume = {23},
  pages = {5295}
}

@ARTICLE{BaFe96,
  author = {Ballesteros, H. G. and Fen\'{a}ndez, L. A. and Mart\'{i}n-Mayor,
	V. and Mu\~{n}oz Sudupe, A.},
  title = {Finite size effects on measures of critical exponents in $d=3$ ${O(N)}$
	models},
  journal = prb,
  year = {1996},
  volume = {387},
  pages = {125}
}

@BOOK{barabasi,
  title = {Linked: The New Science of Networks},
  publisher = {Perseus Publishing},
  year = {2002},
  author = {Barabasi, A.-L.}
}

@ARTICLE{Bara,
  author = {Barahona, F.},
  title = {On the Computational Complexity of {Ising} Spin Glass Models},
  journal = jpa,
  year = {1982},
  volume = {15},
  pages = {3241}
}

@ARTICLE{BaDaPr02,
  author = {Barra, F. and Davidovitch, B. and Procaccia, I.},
  title = {Iterated Conformal Dynamics and Laplacian Growth},
  journal = pre,
  year = {2002},
  volume = {65},
  pages = {046144}
}

@INPROCEEDINGS{Barr,
  author = {Barrington, D. A. M.},
  title = {Quasipolynomial Size Circuit Classes},
  booktitle = {Structure in Complexity Theory: Seventh Annual Conference},
  year = {1992},
  pages = {86}
}

@INPROCEEDINGS{BaIm,
  author = {Barrington, D. A. M. and Immerman, N.},
  title = {Time, Hardware, and Uniformity},
  booktitle = {Structure in Complexity Theory: Ninth Annual Conference},
  year = {1994},
  pages = {176}
}

@INPROCEEDINGS{BaLuMiSk99,
  author = {Barrington, D. A. M. and Lu, C.-J. and Miltersen, P. B. and Skyum,
	S.},
  title = {On Monotone Planar Circuits},
  booktitle = {Proceedings of the 14th Annual {IEEE} Conference on Computational
	Complexity},
  year = {1999},
  pages = {xxx}
}

@INPROCEEDINGS{BaLuMiSk98,
  author = {Barrington, D. A. M. and Lu, C.-J. and Miltersen, P. B. and Skyum,
	S.},
  title = {Searching Constant Width Mazes Captures the {AC}$^0$ Hierarchy},
  booktitle = {Proceedings of the 15th Annual Symposium on Theoretical Aspects of
	Computer Science},
  year = {1998},
  pages = {73}
}

@ARTICLE{BaHa02,
  author = {Barthel, W. and Hartmann, A.K. and Leone, M. and Ricci-Tersenghi,
	F. and Weigt, M. and Zecchina, R.},
  title = {Hiding Solutions in Random Satisfiability Problems: A Statistical
	Mechanics Approach},
  journal = prl,
  year = {2002},
  volume = {88},
  pages = {188701}
}

@ARTICLE{Bax,
  author = {Baxter, R. J.},
  title = {Potts Model at the Critical Temperature},
  journal = {J. Phys. C},
  year = {1973},
  volume = {6},
  pages = {L445}
}

@ARTICLE{vBEr,
  author = {van Beijeren, H. and Ernst, M. H.},
  title = {Diffusion in {L}orentz Lattice Gas Automata with Backscattering},
  journal = jsp,
  year = {1993},
  volume = {70},
  pages = {793}
}

@ARTICLE{BeKiJaCa,
  author = {Belanger, D. P. and King, A. R. and Jaccarino, V. and Cardy, J. L.},
  title = {Random-Field Critical Behavior of a d=3 {I}sing System},
  journal = prb,
  year = {1983},
  volume = {28},
  pages = {2522-2526}
}

@ARTICLE{BeKlMo96,
  author = {Belanger, D. P. and Kleemann, W. and Montenegro, F. C.},
  title = {Comment on `X-Ray and Neutron Scattering, Magnetization, and Heat
	Capacity Study of the 3{D} Random Field Ising Model'},
  journal = prl,
  year = {1996},
  volume = {77},
  pages = {2341}
}

@ARTICLE{BeClMuWuGaScOl,
  author = {Bellini, T. and Clark, N. A. and Muzny, C. D. and Wu, L. and Garland,
	C. W. and Schaefer D. W. and Oliver, B. J.},
  title = {Phase Behavior of the Liquid Crystal 8{CB} in a Silica Aerogel},
  journal = prl,
  year = {1992},
  volume = {69},
  pages = {788}
}

@ARTICLE{BeChGoLu,
  author = {Ben-David, S. and Chor, B. and Goldreich, O. and Luby, M.},
  title = {On the Theory of Average Case Complexity},
  journal = JCSS,
  year = {1992},
  volume = {44},
  pages = {193}
}

@INCOLLECTION{Benn88,
  author = {Bennett, C. H.},
  title = {Logical Depth and Physical Complexity},
  booktitle = {The Universal {T}uring Machine-- a Half-Century Survey},
  publisher = {Oxford University Press},
  year = {1988},
  editor = {Herken, R.},
  pages = {227-257}
}

@INPROCEEDINGS{Benn87,
  author = {Bennett, C. H.},
  title = {Dissipation, Information, Computational Complexity and the Definition
	of Organization},
  booktitle = {Emerging Syntheses in Science},
  year = {1987},
  editor = {Pines, D.},
  pages = {215-233},
  publisher = {Addison-Wesley}
}

@INPROCEEDINGS{Benn90,
  author = {Bennett, C. H.},
  title = {How to Define Complexity in Physics, and Why},
  booktitle = {Complexity, Entropy and the Physics of Information},
  year = {1990},
  editor = {Zurek, W. H.},
  pages = {137},
  organization = {SFI Studies in the Sciences of Complexity, Vol.~7},
  publisher = {Addison-Wesley}
}

@ARTICLE{Benn95,
  author = {Bennett, C. H.},
  title = {Universal computation and physical dynamics},
  journal = {Physica D},
  year = {1995},
  volume = {86},
  pages = {268}
}

@ARTICLE{BeDi00,
  author = {Bennett, C. H. and DiVincenzo, D. P.},
  title = {Quantum Information and Computation},
  journal = {Nature},
  year = {2000},
  volume = {404},
  pages = {247-255}
}

@ARTICLE{BeSpDr95,
  author = {Berendsen, H. J. C. and van der Spoel, D. and van Drunen, R.},
  title = {A message-passing parallel molecular dynamics implementation},
  journal = {Comp. Phys. Comm.},
  year = {1995},
  volume = {91},
  pages = {43}
}

@ARTICLE{BeNe,
  author = {Berg, B. and Neuhaus, T.},
  title = {Multicanonical Ensemble: A New Approach to Simulate First-Order Phase
	Transitions},
  journal = prl,
  year = {1992},
  volume = {68},
  pages = {9}
}

@BOOK{BeCoGu,
  title = {Winning Ways for Your Mathematical Plays},
  publisher = {Academic Press},
  year = {1982},
  author = {Berlekamp, E. R. and Conway, J. H. and Guy, R. K.},
  volume = {2},
  chapter = {25}
}

@INPROCEEDINGS{BeVa,
  author = {Bernstein, E. and Vazirani, U.},
  title = {Quantum Complexity Theory},
  booktitle = {Proceedings of the 25th ACM Symposium on the Theory of Computation},
  year = {1993},
  pages = {11}
}

@ARTICLE{BeBr93,
  author = {Berthiaume, A. and Brassard, G.},
  title = {Oracle Quantum Computing},
  journal = {Journal of Modern Optics},
  note = {to appear}
}

@INPROCEEDINGS{BeBr92,
  author = {Berthiaume, A. and G. Brassard},
  title = {The Quantum Challenge to Structural Complexity Theory},
  booktitle = {Proceedings of the 7th Annual IEEE Conference on Structure in Complexity
	Theory},
  year = {1992},
  pages = {132}
}

@ARTICLE{BeCaMo,
  author = {Bertoni, A. and Campadelli, P. and Molteni, G.},
  title = {On the approximability of the energy function of {I}sing Spin Glasses},
  journal = jpa,
  year = {1994},
  volume = {27},
  page = {6719}
}

@ARTICLE{Bin87,
  author = {Binder, P. M.},
  title = {Lattice models of the {L}orentz gas: physical and dynamical properties},
  journal = {Complex Systems},
  year = {1987},
  volume = {1},
  pages = {559}
}

@BOOK{BiDoFiNe,
  title = {The Theory of Critical Phenomena, An Introduction to the Renormalization
	Group},
  publisher = {Oxford University Press},
  year = {1998},
  author = {Binney, J. J. and Dowrick, N. J. and Fisher, A. J. and Newman, M.
	E. J.}
}

@ARTICLE{BiFeHaHiRaTh,
  author = {Birgeneau, R. J. and Feng,Q. and Harris, Q. J. and Hill, J. P. and
	Ramirez, A. P. and Thurston, T. R.},
  title = {X-Ray and Neutron Scattering, Magnetization, and Heat Capacity Study
	of the 3{D} Random Field {I}sing Model},
  journal = prl,
  year = {1995},
  volume = {75},
  pages = {1198-1201}
}

@ARTICLE{BiCoMo02,
  author = {Biroli, G. and Cocco, S. and Monasson, R.},
  title = {Phase Transitions and Complexity in Computer Science: An Overview
	of the Statistical Physics Approach to the Random Satisfiability
	Problem},
  journal = physa,
  year = {2002},
  volume = {306},
  pages = {381-394}
}

@ARTICLE{Bla95,
  author = {Bladon, P. and Frenkel, D.},
  title = {Dislocation Unbinding in Dense Two-Dimensional Crystals},
  journal = {Phys. Rev. Lett.},
  year = {1995},
  volume = {74},
  pages = {2519},
  number = {13},
  date-added = {2006-04-27 11:37:22 -0400},
  date-modified = {2006-04-27 11:38:35 -0400}
}

@ARTICLE{Bla04,
  author = {Bladon, P. B. and Frenkel, D.},
  title = {Free Energy and Structure of Dislocation Cores in Two-Dimensional
	Crystals},
  journal = {J. Chem. Phys.},
  year = {2004},
  volume = {107},
  pages = {6707},
  date-added = {2006-04-27 11:40:52 -0400},
  date-modified = {2006-04-27 11:41:56 -0400}
}

@ARTICLE{BlWiDo,
  author = {Blatt, M. and Wiseman, S. and Domany, E.},
  title = {Superparamagnetic Clustering of Data},
  journal = prl,
  year = {1996},
  volume = {76},
  pages = {3251}
}

@ARTICLE{BlLuHe,
  author = {Blote, H. W. J. and Luijten, E. and Heringa, J. R.},
  title = {Ising Universality in Three Dimensions: a {M}onte {Ca}rlo Study},
  journal = jpa,
  year = {1995},
  volume = {28},
  pages = {6289}
}

@ARTICLE{BlWu,
  author = {Blote, H. W. J. and Wu, X.- R.},
  title = {Accurate Determination of the Critical Line of the Square {I}sing
	Antiferromagnet in a Field},
  journal = jpa,
  year = {1990},
  volume = {23},
  pages = {L627}
}

@BOOK{BlCuShSm,
  title = {Complexity and Real Computation},
  publisher = {Springer-Verlag New York, Inc.},
  year = {1998},
  author = {Blum, L. and Cucker, F. and Shub, M and Smale, S.},
  address = {Secaucus, NJ, USA},
  isbn = {0-387-98281-7}
}

@ARTICLE{BoPa,
  author = {Boettcher, S. and Paczuski, M.},
  title = {Aging in a Model of Self-Organized Criticality},
  journal = prl,
  year = {1997},
  volume = {79},
  pages = {889-892}
}

@ARTICLE{BKM,
  author = {Borgs, C. and Koteck\'y, R. and Miracle-Sol\'e, S.},
  title = {Finite-Size Scaling for {P}otts Models},
  journal = jsp,
  year = {1991},
  volume = {62},
  pages = {529}
}

@ARTICLE{BrMo87,
  author = {Bray, A. J. and Moore, M. A.},
  title = {Chaotic Nature of the Spin-Glass Phase},
  journal = prl,
  year = {1987},
  volume = {58},
  pages = {57}
}

@ARTICLE{BrMo,
  author = {Bray, A. J. and Moore, M. A.},
  title = {Scaling theory of the Random-Field {I}sing Model},
  journal = {J. Phys. C},
  year = {1985},
  volume = {18},
  pages = {L927}
}

@ARTICLE{BrDe98,
  author = {Brezin, E. and De Dominicis, C.},
  title = {New Phenomena in the Random Field {I}sing Model},
  journal = {Europhys. Lett.},
  year = {1998},
  volume = {44},
  pages = {13}
}

@ARTICLE{BrKu87,
  author = {Bricmont, J. and Kupiainen, A.},
  title = {Lower Critical Dimension for the Random-Field {I}sing Model},
  journal = prl,
  year = {1987},
  volume = {59},
  pages = {1829}
}

@ARTICLE{BrDe,
  author = {Brochard, F. and de Gennes, P. G.},
  title = {Phase Transitions of Binary Mixtures in Random Media},
  journal = {J. Phys. Lett.},
  year = {1983},
  volume = {44},
  pages = {L785}
}

@UNPUBLISHED{BrChWi,
  author = {Brower, R.C. and Chandrasekharan, C. and Wiese, U.-J.},
  title = {Green's Functions from Quantum Cluster Algorithms},
  note = {cond-mat/9801003},
  year = {1998}
}

@ARTICLE{BrTaYo,
  author = {Brower, R.C. and Tamayo, P. and York, B.},
  title = {??},
  journal = {Journal of Statistical Physics},
  year = {1992},
  volume = {63},
  pages = {73},
  number = {??}
}

@ARTICLE{BuBaCaHaStVi,
  author = {Buldyrev, S. V. and Barabasi, A.-L. and Caserta, F. and Havlin, S.
	and Stanley, H. E. and Vicsek, T.},
  title = {Anomalous Interface Roughening in Porous Media: Experiment and Model},
  journal = pra,
  year = {1992},
  volume = {45},
  pages = {R8313}
}

@ARTICLE{Bur2000,
  author = {Burakovsky, L. and Preston, D. L. andSilbar, R. R.},
  journal = {Phys. Rev. B},
  year = {2000},
  volume = {61},
  pages = {15011},
  date-added = {2006-04-27 10:57:19 -0400},
  date-modified = {2006-04-27 10:59:39 -0400}
}

@ARTICLE{BuCo,
  author = {Butera, P. and Comi, M.},
  title = {N-vector Spin Models on the SC and the BCC Lattices: A Study of the
	Critical Behavior of the Susceptibility and of the Correlation length
	by High Temperature Series Extended to Order $\beta^{21}$},
  journal = prb,
  year = {1997},
  volume = {56},
  pages = {8212}
}

@ARTICLE{Cah2001,
  author = {Cahn, R. W.},
  journal = {Nature},
  year = {2001},
  volume = {413},
  pages = {582},
  date-added = {2006-04-27 10:56:15 -0400},
  date-modified = {2006-04-27 10:57:15 -0400}
}

@ARTICLE{Cah86,
  author = {Cahn, R. W.},
  journal = {Nature},
  year = {1986},
  volume = {323},
  pages = {668},
  date-added = {2006-04-27 11:06:41 -0400},
  date-modified = {2006-04-27 11:07:10 -0400}
}

@ARTICLE{CHPRV,
  author = {Campostrini, M. and Hasenbusch, M. and Pelissetto, A. and Rossi,
	P. and Vicari, E.},
  title = {Critical behavior of the three-dimensional {XY} universality class},
  journal = prb,
  year = {2001},
  volume = {21},
  pages = {4503}
}

@UNPUBLISHED{MaCa94,
  author = {Cao, M. S. and Machta, J.},
  title = {Monte Carlo Study of Phase Transitions in Correlated Porous Media},
  note = {Unpublished},
  year = {1994}
}

@ARTICLE{CaMa,
  author = {Cao, M. S. and Machta, J.},
  title = {Migdal-{K}adanoff Study of the Random Field {I}sing Model},
  journal = prb,
  year = {1993},
  volume = {48},
  pages = {3177-3182}
}

@ARTICLE{Card98,
  author = {Cardy, J.},
  title = {The number of incipient spanning clusters in two-dimensional percolation},
  journal = {J. Phys. A: Math. Gen.},
  year = {1998},
  volume = {31},
  pages = {L105},
  number = {5},
  date-added = {2006-04-28 16:35:24 -0400},
  date-modified = {2006-04-28 16:36:48 -0400}
}

@UNPUBLISHED{Cardy98,
  author = {Cardy, J.},
  title = {Quenched Randomness at First-Order Transitions},
  note = {cond-mat/9806355},
  year = {1998}
}

@ARTICLE{CaChGrSw,
  author = {Carlson, J. M. and Chayes, J. T. and Grannan, E. R. and Swindle,
	G. H.},
  title = {Self-Organized Criticality and Singular Diffusion},
  journal = prl,
  year = {1990},
  volume = {65},
  pages = {2547}
}

@ARTICLE{ChBlMuWoRe,
  author = {Chan, M. H. W. and Blum, K. I. and Murphy, S. Q. and Wong, G. K.
	S. and Reppy, J. D.},
  title = {Disorder and the Superfluid Transition in Liquid $^4${He}},
  journal = prl,
  year = {1988},
  volume = {61},
  pages = {1950}
}

@ARTICLE{ChKo,
  author = {Chandler, R. and Koplick, J. and Lerman, K. and Willemsen, J. F.},
  title = {Capillary Displacement and Percolation in Porous Media},
  journal = {Journal of Fluid Mechanics},
  year = {1982},
  volume = {119},
  pages = {249-267},
  key = {Koplick}
}

@ARTICLE{ChChDu,
  author = {Chayes, J. T. and Chayes, L. and Durett, R.},
  title = {Connectivity Properties of {M}andelbrot's Percolation Process},
  journal = {Probability Theory and Related Fields},
  year = {1988},
  volume = {77},
  pages = {307}
}

@ARTICLE{ChChFiSp,
  author = {Chayes, J. T. and Chayes, L. and Durett, R. and Fisher, D. S. and
	Spencer, T.},
  title = {Finite-size scaling and correlation lengths for disordered systems},
  journal = prl,
  year = {1986},
  volume = {57},
  pages = {2999}
}

@ARTICLE{ChChKo,
  author = {Chayes, J. T. and Chayes, L. and Koteck\'{y}, R.},
  title = {The Analysis of the {W}idom-{R}owlinson Model by Stochastic Geometric
	Methods},
  journal = {Comm. Math. Phys.},
  year = {1995},
  volume = {172},
  pages = {551}
}

@ARTICLE{ChChMa,
  author = {Chayes, J. T. and Chayes, L. and Machta, J.},
  title = {Phase Diagram and Correlation Length Bounds for {M}andelbrot Aerogels},
  journal = jpa,
  year = {1993},
  volume = {26},
  pages = {4249}
}

@ARTICLE{ChChNe,
  author = {Chayes, J. T. and Chayes, L. and Newman, C. M.},
  title = {The Stochastic Geometry of Invasion Percolation},
  journal = {Comm. Math. Phys.},
  year = {1985},
  volume = {101},
  pages = {383}
}

@ARTICLE{Chayes98,
  author = {Chayes, L.},
  title = {Discontinuity of the Spin-Wave Stiffness in the Two-Dimensional {XY}
	Model},
  journal = {Comm. Math. Phys.},
  year = {1998},
  volume = {197},
  pages = {623-640}
}

@UNPUBLISHED{ChCoMaSh,
  author = {Chayes, L. and Coniglio, A. and Machta, J. and Shtengel, K.},
  title = {The Mean Field Theory for Percolation Models of the {I}sing Type},
  note = {unpublished},
  year = {1998}
}

@ARTICLE{ChMa98a,
  author = {Chayes, L. and Machta, J.},
  title = {Graphical Representations and Cluster Algorithms, Part {II}},
  journal = physa,
  year = {1998},
  volume = {254},
  pages = {477-516}
}

@ARTICLE{ChMa97a,
  author = {Chayes, L. and Machta, J.},
  title = {Graphical Representations and Cluster Algorithms, Part {I}},
  journal = physa,
  year = {1997},
  volume = {239},
  pages = {542-601}
}

@ARTICLE{ChMa95,
  author = {Chayes, L. and Machta, J.},
  title = {On the Behavior of the Surface Tension for Spin-Systems in a Correlated
	Porous Medium},
  journal = jsp,
  year = {1995},
  volume = {79},
  pages = {117}
}

@ARTICLE{ChMaRe98b,
  author = {Chayes, L. and Machta, J. and Redner, O.},
  title = {Graphical Representations for {I}sing Systems in External Fields},
  journal = jsp,
  year = {1998},
  volume = {93},
  pages = {17}
}

@ARTICLE{ChWi,
  author = {Chen, J.-D. and Wilkinson, D.},
  title = {Pore-Scale Viscous Fingering in Porous Media},
  journal = PRL,
  year = {1985},
  volume = {55},
  pages = {1892}
}

@ARTICLE{ChFeLa95,
  author = {Chen, S. and Ferrenberg, A. M. and Landau, D. P.},
  title = {Monte {C}arlo Simulation of Phase Transitions in a Two-Dimensional
	Random-Bond {P}otts Model},
  journal = pre,
  year = {1995},
  volume = {52},
  pages = {1377}
}

@ARTICLE{ChFeLa,
  author = {Chen, S. and Ferrenberg, A. M. and Landau, D. P.},
  title = {Randomness-Induced Second-Order Transition in the Two-Dimensional
	Eight-State {P}otts Model: A {M}onte {C}arlo Study},
  journal = prl,
  year = {1992},
  volume = {69},
  pages = {1213}
}

@ARTICLE{ChFeLa,
  author = {Chen, S. and Ferrenberg, A. M. and Landau, D. P.},
  title = {Randomness-Induced Second-Order Transition in the Two-Dimensional
	Eight-State {P}otts Model: A {M}onte {C}arlo Study},
  journal = prl,
  year = {1992},
  volume = {69},
  pages = {1213}
}

@ARTICLE{GoCh97,
  author = {Cherkassky, B. and Goldberg, A. V.},
  title = {On Implementing Push-Relabel Method for the Maximum Flow Problem},
  journal = {Algorithmica},
  year = {1997},
  volume = {19},
  pages = {390-410}
}

@PHDTHESIS{yscthesis,
  author = {Choi, Y. S.},
  title = {The Invaded Cluster Algorithm},
  school = {University of Massachusetts},
  year = {1997}
}

@ARTICLE{ChMaTaCh,
  author = {Choi, Y. S. and Machta, J. and Tamayo, P. and Chayes, L.},
  title = {Parallel invaded cluster algorithm for the {I}sing model},
  journal = ijmpc,
  year = {1999},
  volume = {10},
  pages = {1-16}
}

@BOOK{ChNi00,
  title = {Quantum Computation and Quantum Information},
  publisher = {Cambridge University Press},
  year = {2000},
  author = {Chuang, I. L. and Nielsen, M. A.},
  series = {Cambridge Series on Information}
}

@ARTICLE{CiRo,
  author = {Cieplak, M. and Robbins, M. O.},
  title = {Dynamical Transition in Quasistatic Fluid Invasion in Porous Media},
  journal = prl,
  year = {1988},
  volume = {60},
  pages = {2042}
}

@ARTICLE{CoBa,
  author = {Coddington, P. D. and Baillie, C. F.},
  title = {Empirical Relations Between Static and Dynamic Exponents for {I}sing
	Model Cluster Algorithms},
  journal = prl,
  year = {1992},
  volume = {68},
  pages = {962-965}
}

@ARTICLE{CoWa,
  author = {Cohen, E. G. D. and Wang, F.},
  title = {Novel phenomena in {L}orentz Lattice Gases},
  journal = {Physica A},
  year = {1995},
  volume = {219},
  pages = {56}
}

@ARTICLE{CoGuMa,
  author = {Cohen, S. M. and Guyer, R.A. and Machta, J.},
  title = {Hydrodynamic Modes of Superfluid Helium Adsorbed on {N}uclepore},
  journal = prb,
  year = {1986},
  volume = {33},
  pages = {4664}
}

@ARTICLE{CoSa,
  author = {Cole, M. W. and Saam, W. F.},
  title = {Excitation Spectrum and Thermodynamic Porperties of Liquid Films
	in Cylindrical Pores},
  journal = prl,
  year = {1974},
  volume = {32},
  pages = {985}
}

@INPROCEEDINGS{Condon,
  author = {Condon, A.},
  title = {A theory of strict {$P$}-completeness},
  booktitle = {STACS 92: 9th Annual Symposium on Theoretical Aspects of Computer
	Science},
  year = {1992},
  editor = {Finkel, A. and Jantzen, M.},
  pages = {33},
  organization = {Lecture Notes in Computer Science, Vol.~577},
  publisher = {Springer-Verlag}
}

@ARTICLE{CoKl,
  author = {Coniglio, A. and Klein, W.},
  title = {Clusters and {Ising} Critical Droplets: A Renormalisation Group Approach},
  journal = jpa,
  year = {1980},
  volume = {13},
  pages = {2775}
}

@ARTICLE{CoNaPeRu,
  author = {Coniglio, A. and Nappi, C. R. and Peruggi, F. and Russo, L.},
  title = {Percolation Points and Critical Point in the {Ising} Model},
  journal = jpa,
  year = {1977},
  volume = {10},
  pages = {205}
}

@ARTICLE{CNPR,
  author = {Coniglio, A. and Nappi, C. R. and Peruggi, F. and Russo, L.},
  title = {Peroclation and Phase Transitions in the {I}sing Model},
  journal = {Comm. Math. Phys.},
  year = {1976},
  volume = {51},
  pages = {315}
}

@ARTICLE{Cook,
  author = {Cook, S. A.},
  title = {A Taxonomy of Problems with Fast Parallel Algorithms},
  journal = {Information and Control},
  year = {1985},
  volume = {64},
  pages = {2}
}

@ARTICLE{CoRy,
  author = {Couchman, P. R. and Ryan, C. L.},
  journal = {Philos. Mag.},
  year = {1978},
  volume = {37},
  pages = {369}
}

@PHDTHESIS{crooks,
  author = {Crooks, G. E.},
  title = {Excursions in Statistical Dynamics},
  school = {University of California at Berkeley},
  year = {1999}
}

@ARTICLE{CrSh99,
  author = {Crutchfield, J. P. and Shalizi, C. R.},
  title = {Thermodynamic Depth of Causal States: Objective Complexity via Minimal
	Representations},
  journal = pre,
  year = {1999},
  volume = {59},
  pages = {275-283}
}

@ARTICLE{Cur89,
  author = {Curtin, W. A.},
  journal = {Phys. Rev. B},
  year = {1990},
  volume = {39},
  pages = {6775},
  date-added = {2006-04-27 11:02:45 -0400},
  date-modified = {2006-04-27 11:04:18 -0400}
}

@INCOLLECTION{DsHoMa2003,
  author = {D'Souza, R. M. and Homsy, G. E. and Margolus, N. H.},
  title = {Simulating Digital Logic with the Reversible Aggregation Model of
	Cluster Growth},
  booktitle = {New Constructions in Cellular Automata},
  publisher = {Oxford University Press},
  year = {2003},
  editor = {Griffeath, David and Moore, Cristopher},
  series = {Santa Fe Institute Studies in the Science of Complexity},
  pages = {211-230}
}

@ARTICLE{DsMa99,
  author = {D'Souza, R. M. and Margolus, N. H.},
  title = {A Thermodynamically Reversible Generalization of Diffusion Limited
	Aggregation},
  journal = pre,
  year = {1999},
  volume = {60},
  pages = {264}
}

@UNPUBLISHED{DePeWo,
  author = {Delker, T. and Pengra, D. B. and Wong, P.-z.},
  title = {Interface Pinning and the Dynamics of Capillary Rise in Porous Media},
  note = {Preprint},
  year = {1995}
}

@ARTICLE{DeBoCsCh,
  author = {Dellago, C and Bolhuis, P. G. and Csajka, F. S. and Chandler, D.},
  title = {Transition Path Sampling and the Calculation of Rate Constants},
  journal = jcp,
  year = {1998},
  volume = {108},
  pages = {1964--1977}
}

@ARTICLE{De85,
  author = {Deutsch, D.},
  title = {Quantum Theory, the {C}hurch-{T}uring Principle and the Universal
	Quantum Computer},
  journal = {Proc. R. Soc. Lond. A},
  year = {1985},
  volume = {400},
  pages = {97}
}

@ARTICLE{DeJo,
  author = {Deutsch, D. and Jozsa, R.},
  title = {Rapid Solution of Problems by Quantum Computation},
  journal = {Proc. R. Soc. Lond. A},
  year = {1992},
  volume = {439},
  pages = {553}
}

@ARTICLE{DiWi,
  author = {Dierker, S. B. and Wiltzius, P.},
  title = {Random-Field Transition of a Binary Liquid in a Porous Medium},
  journal = prl,
  year = {1987},
  volume = {58},
  pages = {1865}
}

@ARTICLE{DiWaPoYo97,
  author = {Dinsmore, A. D. and Warren, P.J. and Poon, W. C. K. and Yodh, A.
	G.},
  journal = {Europhys. Lett.},
  year = {1997},
  volume = {40},
  pages = {337}
}

@UNPUBLISHED{DoMeDu02,
  author = {Dobrin, R. and Meinke, H. and Duxbury, P. M.},
  title = {Random-Field {I}sing Model on Complete Graphs and Trees},
  note = {cond-mat/0203194},
  year = {2002}
}

@ARTICLE{dog2003,
  author = {Dogic, Z.},
  title = {Surface Freezing and a Two-Step Pathway of the Isotropic-Smectic
	Phase Transition},
  journal = {Phys. Rev. Lett.},
  year = {2003},
  volume = {91},
  pages = {165701},
  number = {16},
  date-added = {2006-04-27 11:33:13 -0400},
  date-modified = {2006-04-27 11:34:58 -0400}
}

@ARTICLE{Do84,
  author = {Domany, E.},
  title = {Exact Results for Two- and Three-Dimensional {I}sing and {P}otts
	Models},
  journal = prl,
  year = {1984},
  volume = {52},
  pages = {871-874}
}

@ARTICLE{DoHaLShSt,
  author = {Dotsenko, V. and Harris, A. B. and Sherrington, D. and Stinchcombe,
	R. B.},
  title = {Replica-symmetry breaking in the critical behavior of the random
	ferromagnet},
  journal = jpa,
  year = {1995},
  volume = {28},
  pages = {3093}
}

@ARTICLE{DoSeTa,
  author = {Dotsenko, V. S. and Selke, W. and Talapov, A. L.},
  title = {Cluster {M}onte {C}arlo Algorithms for Random {I}sing Models},
  journal = physa,
  year = {1991},
  volume = {170},
  pages = {278}
}

@ARTICLE{DoMa,
  author = {Doussal, P. Le and Machta, J.},
  title = {Self-Avoiding Walks in Quenched Random Environments},
  journal = jsp,
  year = {1991},
  volume = {64},
  pages = {541}
}

@ARTICLE{DrKr,
  author = {Dress, C. and Krauth, W.},
  title = {Cluster Algorithm for Hard Spheres and Related Systems},
  journal = jsp,
  year = {1995},
  volume = {28},
  pages = {L597}
}

@ARTICLE{DuMa03,
  author = {Dukovski, I. and Machta, J.},
  title = {Ground State Numerical Study of the Three-Dimensional Random Field
	Ising Model},
  journal = prb,
  year = {2003},
  volume = {67},
  pages = {014413}
}

@UNPUBLISHED{DuMaSaAu,
  author = {Dukovski, I. and Machta, J. and Saravanan, C. and Auerbach, S. M.},
  title = {Cluster {M}onte {C}arlo Simulations of Phase Transitions and Critical
	Phenomena in Zeolites},
  year = {2000},
  journal = jcp
}

@ARTICLE{DySiViWe04,
  author = {Dyer, M. and Sinclair, A. and Vigoda, E. and Weitz, D.},
  title = {Mixing in Time and Space for Lattice Spin Systems: A Combinatorial
	View},
  journal = {Random Structures and Algorithms},
  year = {2003},
  volume = {24},
  pages = {461-479}
}

@INPROCEEDINGS{Eden,
  author = {Eden, M.},
  title = {A Two-Dimensional Growth Process},
  booktitle = {Proceeding of the Fourth Berkeley Symposium on Mathematical Statistics
	and Probability},
  year = {1961},
  editor = {Neyman, F.},
  volume = {IV},
  pages = {223},
  publisher = {University of California}
}

@ARTICLE{EdSo,
  author = {Edwards, R. G. and Sokal, A.D.},
  title = {Generalization of the {F}ortuin-{K}asteleyn-{S}wendsen-{W}ang representation
	and {M}onte {C}arlo algorithm},
  journal = {Phys. Rev. D},
  year = {1988},
  volume = {38},
  pages = {2009}
}

@ARTICLE{EiBi,
  author = {Eichorn, K. and Binder, K.},
  title = {Monte Carlo Investigation of the Three-Dimensional Random-Field Three-State
	{P}otts Model},
  journal = jpcm,
  year = {1996},
  volume = {8},
  pages = {5209--5227}
}

@ARTICLE{ErDoJa,
  author = {Ernst, M. H. and Dorfman, J. R. and Jacobs, D.},
  title = {Mean-Field Theory for {L}yapunov Exponents and {K}olmogorov-{S}inai
	Entropy in {L}orentz Lattice Gases},
  journal = prl,
  year = {1995},
  volume = {74},
  pages = {4416}
}

@ARTICLE{ErVe89b,
  author = {Ernst, M. H. and van Velzen, G.A.},
  title = {Long-Time Tails in Lattice {L}orentz Gases},
  journal = jsp,
  year = {1989},
  volume = {57},
  pages = {455}
}

@ARTICLE{ErVe89a,
  author = {Ernst, M. H. and van Velzen, G. A.},
  title = {Lattice {L}orentz Gas},
  journal = jpa,
  year = {1989},
  volume = {22},
  pages = {4611}
}

@BOOK{Ev,
  title = {Graph Algorithms},
  publisher = {Computer Science Press},
  year = {1979},
  author = {Even, S.}
}

@UNPUBLISHED{Evertz97,
  author = {Evertz, H. G.},
  title = {The Loop Algorithm},
  note = {cond-mat/9707221},
  year = {1997}
}

@ARTICLE{FaBeMc,
  author = {Falicov, A. and Berker, A. N. and McKay, S. R.},
  title = {Renormalization-group Theory of the Random-Field {I}sing Model in
	Three Dimensions},
  journal = prb,
  year = {1995},
  volume = {51},
  pages = {8266}
}

@ARTICLE{FeCaGaPi,
  author = {Felici, M. and Caldarelli, G. and Gabrielli, A. and Pietronero, L.},
  title = {A Perturbative Approach to the {B}ak-{S}neppen Model},
  journal = prl,
  year = {2001},
  volume = {86},
  pages = {1896-1899}
}

@BOOK{Feller,
  title = {An Introduction to Probability Theory and Its Applications},
  publisher = {Wiley},
  year = {1968},
  author = {Feller, W.},
  volume = {I},
  address = {New York}
}

@ARTICLE{FeLa,
  author = {Ferrenberg, A. M. and Landau, D. P.},
  title = {Critical Behavior of the Three-Dimensional {I}sing Model: A High-Resolution
	{M}onte {C}arlo Study},
  journal = PRB,
  year = {1991},
  volume = {44},
  pages = {5081}
}

@ARTICLE{FeLaSw,
  author = {Ferrenberg, A. M. and Landau, D. P. and Swendsen, R. H.},
  title = {Statistical Errors in Histogram Reweighting},
  journal = pre,
  year = {1995},
  volume = {51},
  pages = {5092}
}

@ARTICLE{FeSw,
  author = {Ferrenberg, A. M. and Swendsen, R. H.},
  title = {New {M}onte {C}arlo Technique for Studying Phase Transitions},
  journal = prl,
  year = {1988},
  volume = {61},
  pages = {2635}
}

@INCOLLECTION{Fi,
  author = {Fich, F. E.},
  title = {The Complexity of Computation on the Parallel Random Access Machine},
  booktitle = {Synthesis of Parallel Algorithms},
  publisher = {Morgan Kaufman},
  year = {1993},
  editor = {Reif, J. H.},
  chapter = {20},
  pages = {843--899},
  address = {San Mateo, CA}
}

@ARTICLE{Fish86,
  author = {Fisher, D. S.},
  title = {Scaling and Critical Slowing Down in Random-Field {I}sing Systems},
  journal = prl,
  year = {1986},
  volume = {56},
  pages = {416}
}

@ARTICLE{Fish67,
  author = {Fisher, M. E.},
  title = {The Theory of Condensation and the Critical Point},
  journal = {Physics (N.Y.)},
  year = {1967},
  volume = {3},
  pages = {255}
}

@ARTICLE{FoKa,
  author = {Fortuin, C. M. and Kasteleyn, P. M.},
  title = {On the Random-Cluster Model},
  journal = {Physica},
  year = {1972},
  volume = {57},
  pages = {536}
}

@ARTICLE{FrCaCo,
  author = {Franzese, G. and Cataudella, V. and Coniglio A.},
  title = {Invaded Cluster Dynamics for Frustrated Models},
  journal = pre,
  year = {1998},
  volume = {57},
  pages = {88}
}

@ARTICLE{FrStSt,
  author = {Freche, P. and Stauffer, D. and Stanley, H. E.},
  title = {Surface Structure and Anisotropy of {E}den Clusters},
  journal = jpa,
  year = {1985},
  volume = {18},
  pages = {L1163}
}

@ARTICLE{Fred87,
  author = {Greg N. Frederickson},
  title = {Fast algorithms for shortest paths in planar graphs, with applications},
  journal = {SIAM J. Comput.},
  year = {1987},
  volume = {16},
  pages = {1004--1022},
  number = {6},
  address = {Philadelphia, PA, USA},
  doi = {http://dx.doi.org/10.1137/0216064},
  issn = {0097-5397},
  publisher = {Society for Industrial and Applied Mathematics}
}

@ARTICLE{FrTo,
  author = {Fredkin, E. and Toffoli, T.},
  title = {Conservative Logic},
  journal = {Int. J. of Theo. Phys.},
  year = {1982},
  volume = {21},
  pages = {219}
}

@ARTICLE{FrFeCa,
  author = {Frisken, B. J. and Ferri, F. and Cannell, D. S.},
  title = {Effect of Dilute Silica Gel on Phase Separation of a Binary Mixture},
  journal = prl,
  year = {1991},
  volume = {66},
  pages = {2754}
}

@ARTICLE{FrGoOrVi,
  author = {Frontera, C. and Goicoechea, J. and Ort\'{i}n, J. and Vives, E.},
  title = {Efficient Algorithm for Finding Ground-States in the Random Field
	{I}sing model with an External Field},
  journal = {Journal of Computational Physics},
  year = {2000},
  volume = {160},
  pages = {117}
}

@BOOK{GaJo,
  title = {Computers and Intractability: A Guide to the Theory of {NP}-Completeness},
  publisher = {W. H. Freeman \& Co.},
  year = {1979},
  author = {Garey, M. R. and Johnson, D. S.},
  address = {New York}
}

@ARTICLE{Gell95,
  author = {Gell-Mann, M.},
  title = {What is Complexity?},
  journal = {Complexity},
  year = {1995},
  volume = {1},
  pages = {16}
}

@BOOK{GiRy,
  title = {Efficient Parallel Algorithms},
  publisher = {Cambridge University Press},
  year = {1988},
  author = {Gibbons, A. and Rytter, W.}
}

@ARTICLE{GoAdAhHaSc,
  author = {Gofman, M. and Adler, J. and Aharony, A. and Harris, A. B. and Schwartz,
	M.},
  title = {Critical Behavior of the Random Field {I}sing Model},
  journal = prb,
  year = {1996},
  volume = {53},
  pages = {6362-6384}
}

@MISC{Go,
  author = {Goldberg, A. V.},
  howpublished = {http://www.avglab.com/andrew/soft.html}
}

@ARTICLE{GoTa88,
  author = {Goldberg, A. V. and Tarjan, R. E.},
  title = {A New Approach to the Maximum Flow Problem},
  journal = {Journal of ACM},
  year = {1988},
  volume = {35},
  pages = {921-940}
}

@ARTICLE{GoMu93,
  author = {Goldner, L. S. and Mulders, N. and Ahlers, G.},
  title = {2nd Sound Very Near ${T}_{\lambda}$},
  journal = {J. Low Temp. Phys.},
  year = {1993},
  volume = {93},
  pages = {131}
}

@BOOK{goldreich99,
  title = {Modern Cryptography, Probabilistic Proofs and Pseudorandomness},
  publisher = {Springer},
  year = {1999},
  author = {Goldreich, O.},
  volume = {17},
  series = {Algorithms and Combinatorics}
}

@ARTICLE{Gold77,
  author = {Goldschlager, L. M.},
  title = {The monotone and planar circuit value problems are logspace complete
	for {P}},
  journal = {SIGACT News},
  year = {1977},
  volume = {9},
  pages = {25}
}

@ARTICLE{GoEcAl,
  author = {Goldstein, A. N. and Echer, C. M. and Alivisatos, A. P.},
  journal = {Science},
  year = {1992},
  volume = {256},
  pages = {1425}
}

@ARTICLE{GoHa93,
  author = {Gottlob, A. P. and Hasenbusch, M.},
  title = {Critical Behavior of the {3D} {XY}-Model: A Monte Carlo Study},
  journal = {physa},
  year = {1993},
  volume = {201},
  pages = {593}
}

@BOOK{Gould,
  title = {Wonderful Life},
  publisher = {Norton},
  year = {1989},
  author = {Gould, S. J.}
}

@ARTICLE{Gr99,
  author = {Grassberger, P.},
  title = {Pair connectedness and shortest-path scaling in critical percolation},
  journal = jpa,
  year = {1995},
  volume = {32},
  pages = {6233}
}

@ARTICLE{Grass95,
  author = {Grassberger, P.},
  title = {The {B}ak-{S}neppen Model for Punctuated Evolution},
  journal = {Phys. Lett. A},
  year = {1995},
  volume = {200},
  pages = {277-282}
}

@UNPUBLISHED{Grass,
  author = {Grassberger, P.},
  title = {Recursive Samplings of Random Walks: Self-Avoiding Walks in Disordered
	Media},
  note = {Preprint},
  year = {1992}
}

@ARTICLE{Grass86,
  author = {Grassberger, P.},
  title = {Toward a Quantitative Theory of Self-Generated Complexity},
  journal = {International J. Theor. Phys.},
  year = {1986},
  volume = {25},
  pages = {907-938}
}

@ARTICLE{Gr83,
  author = {Grassberger, P.},
  title = {On the Critical Behavior of the General Epidemic Process and Dynamical
	Percolation},
  journal = {Math. Biosci.},
  year = {1983},
  volume = {63},
  pages = {157-172}
}

@BOOK{GrHoRu,
  title = {Limits to Parallel Computation: {$P$}-completeness Theory},
  publisher = {Oxford University Press},
  year = {1995},
  author = {Greenlaw, R. and Hoover, H. J. and Ruzzo, W. L.}
}

@TECHREPORT{GrMatechreport,
  author = {Greenlaw, R. and Machta, J.},
  title = {On the Parallel Complexity of Invasion Percolation},
  institution = {University of New Hampshire},
  year = {1993},
  number = {93-04}
}

@BOOK{Grim,
  title = {Percolation},
  publisher = {Springer-Verlag},
  year = {1989},
  author = {Grimmett, G.}
}

@ARTICLE{GrFe,
  author = {Grinstein, G. and Fernandez, J. F.},
  title = {Equilibration of Random-Field {I}sing Systems},
  journal = prb,
  year = {1984},
  volume = {29},
  pages = {6389}
}

@ARTICLE{GrMa82,
  author = {Grinstein, G. and Ma, S. K.},
  title = {Roughening and Lower Critical Dimension in the Random-Field {I}sing
	Model},
  journal = prl,
  year = {1982},
  volume = {49},
  pages = {685-688}
}

@ARTICLE{GrEcZh,
  author = {Gross, D. H. E. and Ecker, A. and Zhang, X. Z.},
  title = {Microcanonical Thermodynamics of First Order Phase Transitions studied
	in the {P}otts Model},
  journal = {Annalen Phys.},
  year = {1996},
  volume = {5},
  pages = {446}
}

@ARTICLE{GuZi,
  author = {Guida, R. and Zinn-Justin, J.},
  title = {Critical exponents of the {N}-vector model},
  journal = jpa,
  year = {1998},
  volume = {31},
  pages = {8103-8121}
}

@UNPUBLISHED{GuTa,
  author = {Gupta, R. and Tamayo, P.},
  title = {Critical Exponents of the 3-{D} {I}sing Model},
  note = {cond-mat/9601048},
  year = {1996}
}

@INPROCEEDINGS{Ha,
  author = {Hagerup, T.},
  title = {Fast Parallel Generation of Random Permutations},
  booktitle = {Automata, Languages, and Programming: 18th International Colloquium},
  year = {1991},
  volume = {510},
  series = {Lecture Notes in Computer Science},
  pages = {405--416},
  address = {Madrid, Spain},
  month = jul,
  publisher = {Springer-Verlag}
}

@ARTICLE{Hal,
  author = {Halsey, T. C.},
  title = {Some Consequences of an Equation of Motion for Diffuse Growth},
  journal = prl,
  year = {1987},
  volume = {59},
  pages = {2067}
}

@UNPUBLISHED{HaLe,
  author = {Halsey, T. C. and Leibig, M.},
  title = {Theory of Branched Growth},
  note = {Preprint},
  year = {1992}
}

@ARTICLE{HaMePr,
  author = {Halsey, T. C. and Meakin, P. and Procaccia, I.},
  title = {Scaling Structure of the Surface Layer of Diffusion-Limited Aggregates},
  journal = prl,
  year = {1986},
  volume = {56},
  pages = {854}
}

@INPROCEEDINGS{Ham,
  author = {Hammersley,J.M.},
  title = {A {M}onte {C}arlo solution of percolation in the cubic lattice},
  booktitle = {Methods in Computational Physics},
  year = {1963},
  volume = {I},
  address = {New York},
  publisher = {Academic Press}
}

@ARTICLE{HaCr,
  author = {Hanson, J. E. and Crutchfield, J. P.},
  title = {Computational Mechanics of Cellular Automata: An Example},
  journal = {Physica D},
  year = {1997},
  volume = {103},
  pages = {169}
}

@ARTICLE{Har2000,
  author = {Harrison, C.},
  journal = {Science},
  year = {2000},
  volume = {290},
  pages = {1558},
  date-added = {2006-04-27 10:35:33 -0400},
  date-modified = {2006-04-27 10:37:35 -0400},
  editor = {Lipowsky, R. and Sackmann, E.},
  publisher = {Elsevier}
}

@ARTICLE{HaNo,
  author = {Hartmann, A. K. and Nowak, U.},
  title = {Universality in three dimensional random-field ground states},
  journal = epjb,
  year = {1999},
  volume = {7},
  pages = {105-109}
}

@BOOK{HaRi01,
  title = {Optimization Algorithms in Physics},
  publisher = {John Wiley \& Sons},
  year = {2001},
  author = {Hartmann, A. K. and Rieger, H.}
}

@ARTICLE{HaYo01,
  author = {Hartmann, A. K. and Young, A. P.},
  title = {Specific-Heat Exponent of Random-Field Systems via Ground-State Calculations},
  journal = prb,
  year = {2001},
  volume = {64},
  pages = {214419}
}

@ARTICLE{HasPinn97,
  author = {Hasenbusch, M. and Pinn, K.},
  title = {Computing the roughening transition of {I}sing and solid-on-solid
	models by {BCSOS} model matching},
  journal = jpa,
  year = {1997},
  volume = {30},
  pages = {63-80}
}

@ARTICLE{HaTo99,
  author = {Hasenbusch, M. and Torok, T.},
  title = {High Precision {M}onte {C}arlo Study of the {3D} {XY}-Universality
	Class},
  journal = jpa,
  year = {1999},
  volume = {32},
  pages = {6361-6371}
}

@ARTICLE{HaDo,
  author = {Haussmann, R. and Dohm, V.},
  title = {Nonlinear Heat Transport Near the Superfluid Transition of $^4${He}},
  journal = prl,
  year = {1991},
  volume = {67},
  pages = {3404}
}

@ARTICLE{HeKaWo,
  author = {He, S. and Kahanda, G. L. M. K. S. and Wong, P.-z.},
  title = {Roughness of Wetting Fluid Invasion Fronts in Porous Media},
  journal = prl,
  year = {1992},
  volume = {69},
  pages = {3731}
}

@ARTICLE{Hen93,
  author = {Hennecke, M.},
  title = {Finite-size-scaling analysis of subsystem data in the dilute {I}sing
	model},
  journal = prb,
  year = {1993},
  volume = {48},
  pages = {6271}
}

@ARTICLE{HePr,
  author = {Hentschel, H. G. E. and Procaccia, I.},
  title = {The Infinite Number of Generalized Dimensions of Fractals and Strange
	Attractors},
  journal = {Physica},
  year = {1983},
  volume = {8D},
  pages = {435}
}

@ARTICLE{HePr,
  author = {Hentschel, H. G. E. and Procaccia, I.},
  title = {The Infinite Number of Generalized Dimensions of Fractals and Strange
	Attractors},
  journal = {Physica},
  year = {1983},
  volume = {8D},
  pages = {435}
}

@ARTICLE{HeBl98,
  author = {Heringa, J. R. and Blote, H. W. J.},
  title = {Geometric {M}onte {C}arlo simulation},
  journal = pre,
  year = {1998},
  volume = {57},
  pages = {4976}
}

@ARTICLE{HeBl96,
  author = {Heringa, J. R. and Blote, H. W. J.},
  title = {The Simple-Cubic Lattice Gas with Nearest-Neighbor Exclusion: {I}sing
	Universality},
  journal = physa,
  year = {1996},
  volume = {232},
  pages = {369}
}

@ARTICLE{HrHoSt84,
  author = {Herrmann, H. J. and Hong, D. C. and Stanley, H. E.},
  journal = jpa,
  year = {1984},
  volume = {17},
  pages = {L261}
}

@ARTICLE{HrSt88,
  author = {Herrmann, H. J. and Stanley, H. E.},
  journal = jpa,
  year = {1988},
  volume = {21},
  pages = {L829}
}

@ARTICLE{Heu93,
  author = {Heuer, H.-O.},
  title = {Critical crossover in disordered {I}sing systems},
  journal = jpa,
  year = {1993},
  volume = {26},
  pages = {L333}
}

@INPROCEEDINGS{Hi,
  author = {Higuchi, Y.},
  title = {On the Absence of Non--Translationally Invariant {G}ibbs States for
	the Two-Dimensional {I}sing System},
  booktitle = {Random Fields: Rigorous Results in Statistical Mechanics and Quantum
	Field Theory. Esztergom 1979},
  year = {1981},
  editor = {Fritz, J. and Lebowitz, J. L. and Szasz, D.},
  address = {Amsterdam},
  publisher = {North Holland}
}

@ARTICLE{HoWi,
  author = {Hogg, T. and Williams, C. P.},
  title = {The hardest constraint problems: A double phase transition},
  journal = {Articial Intelligence},
  year = {1994},
  volume = {69},
  page = {359}
}

@ARTICLE{HoTh,
  author = {Honeycutt, J. D. and Thirumalai, D.},
  title = {Influence of Optimal Cavity Shapes on the Size of Polymer Molecules
	in Random Media},
  journal = jcp,
  year = {1990},
  volume = {93},
  page = {6851}
}

@BOOK{hu79,
  title = {Introduction to Automata Theory, Languages, and Computation},
  publisher = {Addison-Wesley},
  year = {1979},
  author = {Hopcroft, J. E. and Ullman, J. D.}
}

@BOOK{hu69,
  title = {Formal Languages and their Relation to Automata},
  publisher = {Addison-Wesley},
  year = {1969},
  author = {Hopcroft, J. E. and Ullman, J. D.}
}

@ARTICLE{HoKo76,
  author = {Hoshen, J. and Kopelman, R.},
  title = {Perdcolation and cluster distribution: cluster multiple labeling
	technique and critical concentration algorithm},
  journal = {Phys. Rev. B},
  year = {1976},
  volume = {14},
  pages = {3438},
  date-added = {2006-04-28 16:23:41 -0400},
  date-modified = {2006-04-28 16:25:16 -0400}
}

@ARTICLE{HoKhSe,
  author = {Houghton, A. and Khurana, A. and Seco, F. J.},
  title = {Fluctuation-Driven First-Order Phase Transition, below Four Dimensions,
	in the Random-Field {I}sing Model with a Gaussian Random-Field Distribution},
  journal = prl,
  year = {1985},
  volume = {55},
  pages = {856}
}

@ARTICLE{HuBe,
  author = {Hui, K. and Berker, A. N.},
  title = {Random-Field Mechanism in Random-Bond Multicritical Systems},
  journal = prl,
  year = {1989},
  volume = {62},
  pages = {2507}
}

@ARTICLE{IlOrPoPu,
  author = {Ilett, S. M. and Orrock, A. and Poon, W. C. K. and Pusey, P. N.},
  journal = {Phys Rev. E},
  year = {1995},
  volume = {51},
  pages = {1344}
}

@ARTICLE{Imbrie84,
  author = {Imbrie, J. Z.},
  title = {Lower Critical Dimension of the Random-Field {I}sing Model},
  journal = prl,
  year = {1984},
  volume = {53},
  pages = {1747}
}

@BOOK{Im99,
  title = {Descriptive Complexity},
  publisher = {Springer},
  year = {1999},
  author = {Immerman, N.},
  series = {Graduate texts in computer science},
  address = {New York}
}

@ARTICLE{ImMa75,
  author = {Imry, Y. and Ma, S. K.},
  title = {Random-Field Instability of the Ordered State of Continuous Symmetry},
  journal = prl,
  year = {1975},
  volume = {35},
  pages = {1399}
}

@ARTICLE{IsGo94,
  author = {Israeli, N. and Goldenfeld, N.},
  title = {Computational Irreducibility and the Predictability of Complex Physical
	Systems},
  journal = prl,
  year = {2004},
  volume = {92},
  pages = {074105}
}

@ARTICLE{Ito92a,
  author = {Ito, N.},
  title = {???},
  journal = {Physica A},
  year = {1993},
  volume = {192},
  pages = {604}
}

@ARTICLE{Ito92b,
  author = {Ito, N.},
  title = {???},
  journal = {Physica A},
  year = {1993},
  volume = {196},
  pages = {591}
}

@ARTICLE{Janke90,
  author = {Janke, W.},
  title = {Test of Single Update for the Three-Dimensional {XY} Model},
  journal = pla,
  year = {1990},
  volume = {148},
  pages = {306}
}

@ARTICLE{JaKl,
  author = {Jasch, F and Kleinert, H.},
  title = {Fast-Convergent Algorithm and Critical Exponent of $\phi^4$-Theory
	in Three Dimensions},
  journal = {J. Math. Phys.},
  year = {2001},
  volume = {42},
  pages = {52}
}

@ARTICLE{JaMaScZh99,
  author = {Jaster, A. and Mainville, J. and Schuelke, L. and Zheng, B.},
  title = {Short-time Critical Dynamics of the 3-Dimensional {I}sing Model},
  journal = jpa,
  year = {1999},
  volume = {32},
  pages = {1395}
}

@BOOK{Jerrum03,
  title = {Counting, Sampling and Integrating : Algorithms and Complexity},
  publisher = {Birkh user},
  year = {2003},
  author = {Jerrum, M.}
}

@ARTICLE{JeSi,
  author = {Jerrum, M. and Sinclair, A.},
  title = {Polynomial-time Approximation Algorithms for the {Ising} Model},
  journal = SIAMJC,
  year = {1993},
  volume = {22},
  pages = {1087},
  number = {5}
}

@ARTICLE{JeVaVa,
  author = {Jerrum, M. and Valiant, L. G. and Vazirani, V. V.},
  title = {Random Generation of Combinatorial Structures from a Uniform Distribution},
  journal = tcs,
  year = {1986},
  volume = {43},
  pages = {169}
}

@ARTICLE{JiRo,
  author = {Ji, H. and Robbins, M. O.},
  title = {Transition from Compact to Self-similar Growth in Disordered Systems:
	Fluid Invasion and Magnetic-Domain Growth},
  journal = pra,
  year = {1991},
  volume = {44},
  pages = {2538}
}

@INCOLLECTION{Jo90,
  author = {Johnson, D. S.},
  title = {A Catalog of Complexity Classes},
  booktitle = {Handbook of Theoretical Computer Science},
  publisher = {M.I.T. Press/Elsevier},
  year = {1990},
  editor = {van Leeuwan, J.},
  volume = {A: Algorithms and Complexity},
  pages = {68}
}

@ARTICLE{JoGoMaCh,
  author = {Johnson, G. and Gould, H. and Machta, J. and Chayes, L. K.},
  title = {{M}onte {C}arlo Study of the {W}idom-{R}owlinson Fluid Using Cluster
	Methods},
  journal = prl,
  year = {1997},
  volume = {79},
  pages = {2612-2615}
}

@ARTICLE{JuLaLu94,
  author = {Juedes, D. W. and Lathrop, J. I. and Lutz, J. H.},
  title = {Computational Depth and Reducibility},
  journal = tcs,
  year = {1994},
  volume = {132},
  pages = {37-70}
}

@BOOK{Ka00,
  title = {Statistical Physics: Statics, Dynamics and Renormalization},
  publisher = {World Scientific},
  year = {2000},
  author = {Kadanoff, L. P.},
  address = {Singapore}
}

@ARTICLE{KaNaWuZh,
  author = {Kadanoff, L. P. and Nagel, S. R. and Wu, L. and Zhou, S.},
  title = {Scaling and universality in avalanches},
  journal = pra,
  year = {1989},
  volume = {39},
  pages = {6524}
}

@ARTICLE{KaDo,
  author = {Kandel, D. and Domany, E.},
  title = {General cluster {M}onte {C}arlo Dynamics},
  journal = prb,
  year = {1991},
  volume = {43},
  pages = {8539}
}

@ARTICLE{KaRoYoPi94,
  author = {Kaplan, P. D. and Rouke, J. L. and Yodh, A. G. and Pine, D. J.},
  journal = prl,
  year = {1994},
  volume = {72},
  pages = {582}
}

@ARTICLE{KPZ,
  author = {Kardar,M. and Parisi, G. and Zheng, Y.-C.},
  title = {Dynamic Scaling of Growing Interfaces},
  journal = prl,
  year = {1986},
  volume = {56},
  pages = {889}
}

@ARTICLE{KaZh,
  author = {Kardar,M. and Zheng, Y.-C.},
  title = {Scaling of Directed Polymers in Random Media},
  journal = prl,
  year = {1987},
  volume = {58},
  pages = {2087}
}

@INCOLLECTION{KaRa,
  author = {Karp, R. M. and Ramachandran, V.},
  title = {Parallel Algorithms for Shared-Memory Machines},
  booktitle = {Handbook of Theoretical Computer Science},
  publisher = {M.I.T. Press/Elsevier},
  year = {1990},
  editor = {van Leeuwan, Jan},
  volume = {A: Algorithms and Complexity},
  chapter = {17},
  pages = {869-941}
}

@ARTICLE{KaVeMaWo,
  author = {Kaufman, H. and Vespignani, A. and Mandelbrot, B. B. and Woog, L.},
  title = {Parallel Diffusion-Limited Aggregation},
  journal = pre,
  year = {1995},
  volume = {52},
  pages = {5602}
}

@ARTICLE{KaGu,
  author = {Kawashima, N. and Gubernatis, J. E.},
  title = {Dual {M}onte {C}arlo and Cluster Algorithms},
  journal = pre,
  year = {1995},
  volume = {51},
  pages = {1547}
}

@ARTICLE{KaGu95a,
  author = {Kawashima, N. and Gubernatis, J. E.},
  title = {Generalization of the {F}ortuin-{K}asteleyn transformation and its
	application to quantum spin simulations},
  journal = jsp,
  year = {1995},
  volume = {80},
  pages = {1547}
}

@ARTICLE{KeIr97,
  author = {Kena, R. and Irving, A. C.},
  title = {The {K}osterlitz-{T}houless Universality Class},
  journal = npb,
  year = {1997},
  volume = {485},
  pages = {583}
}

@ARTICLE{KeSt,
  author = {Kertesz, J. and Stauffer, D.},
  title = {???},
  journal = {Int. J. Mod. Phys. C},
  year = {1992},
  volume = {3},
  pages = {1275}
}

@ARTICLE{KeLeTu,
  author = {Kessler, D. A. and Levine, H. and Tu, Y.},
  title = {Interface Fluctuations in Random Media},
  journal = pra,
  year = {1991},
  volume = {43},
  pages = {4551}
}

@ARTICLE{Ke87,
  author = {Kesten, H.},
  title = {Percolation Theory and First-Passage Percolation},
  journal = {Ann. Prob.},
  year = {1987},
  volume = {15},
  pages = {1231}
}

@BOOK{Ke,
  title = {Percolation Theory for Mathematicians},
  publisher = {Birkhauser},
  year = {1982},
  author = {Kesten, H.},
  address = {Boston}
}

@ARTICLE{KhSt,
  author = {Khoring, G. A. and Stauffer, D.},
  title = {???},
  journal = {Int. J. Mod. Phys. C},
  year = {1992},
  volume = {3},
  pages = {1165}
}

@ARTICLE{Kim96,
  author = {Kim, J. K.},
  title = {Phase Transition in the Two Dimensional Classical {XY} Model},
  journal = pla,
  year = {1996},
  volume = {223},
  pages = {261}
}

@ARTICLE{KiKo,
  author = {Kim, J. M. and Kosterlitz, J. M.},
  title = {Growth in a Restricted Solid-on-Solid Model},
  journal = prl,
  year = {1989},
  volume = {62},
  pages = {2289}
}

@ARTICLE{Ki77,
  author = {Kirkpatrick, S.},
  title = {Percolation thresholds in {I}sing Magnets and Conducting Mixtures},
  journal = prb,
  year = {1977},
  volume = {15},
  pages = {1533}
}

@ARTICLE{Klein82,
  author = {Klein, W.},
  title = {Potts-Model Formulation of Continuum Percolation},
  journal = prb,
  year = {1982},
  volume = {26},
  pages = {2677}
}

@ARTICLE{Ko74,
  author = {Kosterlitz, J. M.},
  title = {The critical properties of the two-dimensional $xy$ model},
  journal = {J. Phys. C},
  year = {1974},
  volume = {7},
  pages = {1046}
}

@ARTICLE{KoTh,
  author = {Kosterlitz, J. M. and Thouless, D. J.},
  title = {Ordering, Metastability and Phase Transition in Two-Dimensional Systems},
  journal = {J. Phys. C},
  year = {1973},
  volume = {6},
  pages = {1181}
}

@ARTICLE{KS,
  author = {Koteck\'y, R. and Shlosman, S. B.},
  title = {First-Order Phase Transitions in Large Entropy Lattice Models},
  journal = {Comm. Math. Phys.},
  year = {1982},
  volume = {83},
  pages = {493}
}

@ARTICLE{Koza,
  author = {Koza, Z.},
  title = {The Equivalence of the {DLA} and a Hydrodynamic Model},
  journal = jpa,
  year = {1991},
  volume = {24},
  pages = {4895}
}

@ARTICLE{KrRe01,
  author = {Krapivsky, P. L. and Redner, S.},
  title = {Organization of Growing Random Networks},
  journal = pre,
  year = {2001},
  volume = {63},
  pages = {066123}
}

@ARTICLE{Kr,
  author = {Krug, J.},
  title = {Kinetic Roughening by Exceptional Fluctuations},
  journal = {J. Physique I},
  year = {1991},
  volume = {1},
  pages = {9}
}

@ARTICLE{KrMeHa,
  author = {Krug, J. and Meakin, P. and Halpin-Healy, T.},
  title = {Amplitude Universality for Driven Interfaces and Directed Polymers
	in Random Media},
  journal = pra,
  year = {1992},
  volume = {45},
  pages = {638}
}

@INCOLLECTION{KrSp,
  author = {Krug, J. and Spohn, H.},
  title = {Kinetic Roughening of Growing Surfaces},
  booktitle = {Solids Far From Equilibrium: Growth, Morphology and Defects},
  publisher = {Cambridge University Press},
  year = {1991},
  editor = {Godreche, C.}
}

@ARTICLE{lad75,
  author = {Ladner, R. E.},
  title = {The Circuit Value Problem is Log Space Complete for {P}},
  journal = {SIGACT News},
  year = {1975},
  volume = {7},
  pages = {18}
}

@ARTICLE{LaFi,
  author = {Lai, S.-N. and Fisher, M. E.},
  title = {Criticality in {G}aussian-Molecule Mixtures},
  journal = {Molecular Physics},
  year = {1996},
  volume = {88},
  pages = {1373}
}

@ARTICLE{Landau,
  author = {Landau, D. P.},
  title = {Critical behavior of a bcc {I}sing antiferromagnet in a magnetic
	field},
  journal = prb,
  year = {1977},
  volume = {16},
  pages = {4164},
  number = {9}
}

@ARTICLE{Lang,
  author = {Langton, C. G.},
  title = {Computation at the Edge of Chaos},
  journal = {Physica D},
  year = {1990},
  volume = {42},
  pages = {12-37}
}

@ARTICLE{LaMuAh,
  author = {Larson, M. and Mulders, N. and Ahlers, G.},
  title = {Thermal Expansion Coefficient near the Superfluid Transition of $^4${H}e
	in an Aerogel},
  journal = prl,
  year = {1992},
  volume = {68},
  pages = {3896}
}

@ARTICLE{LaKiMuPa00,
  author = {Lawes, G. and Kingsley, S. C. J. and Mulders, N. and Parpia, J. M.},
  title = {Scaling of the Superfluid Fraction and ${T}_c$ of $^3${H}e in Aerogel},
  journal = prl,
  year = {2000},
  volume = {84},
  pages = {4148-4151}
}

@ARTICLE{LaBrGr,
  author = {Lawler, G. and Bramson, M. and Griffeath, D.},
  title = {Internal Diffusion Limited Aggregation},
  journal = {Ann. Prob.},
  year = {1992},
  volume = {20},
  pages = {2117}
}

@ARTICLE{Leath,
  author = {Leath, P.},
  title = {Cluster Size and Boundary Distribution near Percolation Threshold},
  journal = prb,
  year = {1976},
  volume = {14},
  pages = {5046}
}

@ARTICLE{LeKo,
  author = {Lee, J. and Kosterlitz, J.M.},
  title = {Finite-size scaling and {M}onte {C}arlo simulations of first-order
	phase transitions},
  journal = prb,
  year = {1990},
  volume = {43},
  pages = {3265}
}

@ARTICLE{LePoPuStWa,
  author = {Lekkerkerker, H. N. W. and Poon, W. C. K. and Pusey, P. N. and Stroobants,
	A., and Warren, P. B.},
  journal = {Europhys. Lett.},
  year = {1992},
  volume = {20},
  pages = {559}
}

@ARTICLE{Lesch,
  author = {Leschhorn, H.},
  title = {INterface Depinning in a Disordered Medium--Numerical Results},
  journal = {Physica A},
  year = {1993},
  volume = {195},
  pages = {324}
}

@ARTICLE{Le86,
  author = {Levin, L. A.},
  title = {Average Case Complete Problems},
  journal = SIAMJC,
  year = {1986},
  volume = {15},
  pages = {285}
}

@BOOK{lp81,
  title = {Elements of the Theory of Computation},
  publisher = {Prentice-Hall},
  year = {1981},
  author = {Lewis, H. R. and Papadimitriou, C. H.}
}

@ARTICLE{LiMa01,
  author = {Li, X.-N. and Machta, J.},
  title = {Critical Dynamics of Two-Replica Cluster Algorithms},
  journal = ijmpc,
  year = {2001},
  volume = {12},
  pages = {257--271}
}

@ARTICLE{LiSo,
  author = {Li, X.-J. and Sokal, A. D.},
  title = {Rigorous Lower Bound on the Dynamic Critical Exponent of Some Multilevel
	{S}wendsen-{W}ang Algorithms},
  journal = prl,
  year = {1991},
  volume = {67},
  pages = {1482}
}

@ARTICLE{LiSo89,
  author = {Li, X.-J. and Sokal, A. D.},
  title = {Rigorous Lower Bound on the Dynamic Critical Exponent of the {S}wendsen-{W}ang
	Algorithms},
  journal = prl,
  year = {1989},
  volume = {63},
  pages = {827}
}

@ARTICLE{LiTe,
  author = {Li, Y.-H. and Teitel, S.},
  title = {A Three-dimensional Random {X}{Y} Model: Application to the Superfluid
	Transition of $^4${H}e in Porous Media},
  journal = prb,
  year = {1990},
  volume = {41},
  pages = {11388}
}

@ARTICLE{LiFiHa,
  author = {Lilly, M. P. and Finley, P. T. and Hallock, R. B.},
  title = {Memory, Congruence and Avalanche Events in Hysteretic Capillary Condensation},
  journal = prl,
  year = {1993},
  volume = {71},
  pages = {4186}
}

@ARTICLE{LiHeSp01,
  author = {Lindahl, E. and Hess, B. and van der Spoel, D.},
  title = {A package for molecular simulation and trajectory analysis},
  journal = {J. Mol. Mod.},
  year = {2001},
  volume = {7},
  pages = {306}
}

@ARTICLE{Li10,
  author = {Lindemann, F.},
  journal = {Z. Phys.},
  year = {1910},
  volume = {11},
  pages = {609}
}

@ARTICLE{LiSw96,
  author = {Lipa, J. A. and Swanson, D. R. and Nissen, J. and Chui, T. C. P.
	and Israelson, U. E.},
  title = {Heat Capacity and Thermal Relaxation of Bulk Helium Very Near the
	Lambda Point},
  journal = prl,
  year = {1996},
  volume = {76},
  pages = {944}
}

@BOOK{Lip95,
  title = {Generic Interactions of Flexible Membranes},
  publisher = {Elsevier},
  year = {1995},
  author = {Lipowsky, R.},
  date-added = {2006-04-27 12:03:21 -0400},
  date-modified = {2006-04-27 12:06:27 -0400}
}

@ARTICLE{Lip86,
  author = {Lipowsky, R.},
  journal = {Phys. Rev. Lett.},
  year = {1986},
  volume = {57},
  pages = {2876},
  date-added = {2006-04-27 11:01:04 -0400},
  date-modified = {2006-04-27 11:02:06 -0400}
}

@ARTICLE{Lip89,
  author = {Lipowsky, R. and Breuer, U. and Prince, K. C. and Bonzel, H. P.},
  journal = {Phys. Rev. Lett.},
  year = {1989},
  volume = {62},
  pages = {913},
  date-added = {2006-04-27 11:04:37 -0400},
  date-modified = {2006-04-27 11:05:53 -0400}
}

@ARTICLE{LiDuHeSa,
  author = {Liu, A. J. and Durian, D. J. and Herbolzheimer, E. and Safran, S.
	A.},
  title = {Wetting Transitions in a Cylindrical Pore},
  journal = prl,
  year = {1990},
  volume = {65},
  pages = {1897}
}

@ARTICLE{LiGr,
  author = {Liu, A. J. and Grest, G. S.},
  title = {Wetting in a Confined Geometry: A {M}onte {C}arlo Study},
  journal = pra,
  year = {1991},
  volume = {44},
  pages = {R7897}
}

@ARTICLE{LiGl,
  author = {Liverpool, T. B. and Glotzer, S. C.},
  title = {Fixed Cluster Acceleration Algorithm for Spin Systems},
  journal = pre,
  year = {1996},
  volume = {53},
  pages = {R4255}
}

@ARTICLE{LiRe05,
  author = {Livio, M. and Rees, M. J.},
  title = {Anthropic Reasoning},
  journal = {Science},
  year = {2005},
  volume = {309},
  pages = {1022-1023}
}

@ARTICLE{LlPa88,
  author = {Lloyd, S. and Pagels, H.},
  title = {Complexity as Thermodynamic Depth},
  journal = {Annals of Physics},
  year = {1988},
  volume = {188},
  pages = {186-213}
}

@ARTICLE{LoBe97,
  author = {Lopatnikova, A., Berker A. N.},
  title = {Renormalization-Group Study of Superfluidity and Phase Separation
	of Helium Mixtures Immersed in a Disordered Porous Medium},
  journal = prb,
  year = {1997},
  volume = {56},
  pages = {11865-11871}
}

@MASTERSTHESIS{Luckethesis,
  author = {Lucke, A.},
  title = {Invaded cluster algorithm: A self-organized algorithm for equilibrium
	phase transitions and its implementation on {P}otts models},
  school = {University of Massachusetts},
  year = {1995}
}

@ARTICLE{LuPiWi,
  author = {Luczak, T. and Pittel, B. and Wierman, J. C.},
  title = {The Structure of a Random Graph at the Point of the Phase Transition},
  journal = {Trans. Amer. Math. Soc.},
  year = {1994},
  volume = {341},
  pages = {721}
}

@ARTICLE{IlOrPoPu,
  author = {Lutsko, J. F. and Nicolis, G.},
  journal = {J. Chem Phys.},
  year = {2005},
  volume = {122},
  pages = {244907}
}

@ARTICLE{LyKr,
  author = {Lyklema, J. W. and Kremer, K.},
  title = {Monte Carlo Series Analysis of Irreversible Self-Avoiding Walks:
	{II}. {The} Growing Self-Avoiding Walk},
  journal = jpa,
  year = {1986},
  volume = {19},
  pages = {279}
}

@ARTICLE{MaMa05,
  author = {Machta, B. and Machta, J.},
  title = {Parallel Dynamics and Computational Complexity of Network Growth
	Models},
  journal = pre,
  year = {2005},
  volume = {71},
  pages = {026704}
}

@ARTICLE{Mac93a,
  author = {Machta, J.},
  title = {The Computational Complexity of Pattern Formation},
  journal = jsp,
  year = {1993},
  volume = {70},
  pages = {949}
}

@ARTICLE{MaCaHa,
  author = {Machta, J. and Candela, D. and Hallock, R. B.},
  title = {Self-Organized Criticality in $^4${H}e with a Heat Current},
  journal = pre,
  year = {1993},
  volume = {47},
  pages = {4581}
}

@INPROCEEDINGS{MaCh03,
  author = {Machta, J. and Chayes, L. E.},
  title = {What is the Best Way to Simulate an Equilibrium Classical Spin Model?},
  booktitle = {The Monte Carlo Method in the Physical Sciences: Celebrating the
	50th Anniversary of the Metropolis Algorithm},
  year = {2003},
  editor = {Gubernatis, J.},
  pages = {232-239},
  organization = {AIP}
}

@ARTICLE{MaCh96,
  author = {Machta, J. and Choi, Y. S. and Lucke, A. and Schweizer, T. and Chayes,
	L. M.},
  title = {Invaded Cluster Algorithm for {P}otts models},
  journal = pre,
  year = {1996},
  volume = {54},
  pages = {1332}
}

@ARTICLE{MaCh95,
  author = {Machta, J. and Choi, Y. S. and Lucke, A. and Schweizer, T. and Chayes,
	L. V.},
  title = {Invaded Cluster Algorithm for Equilibrium Critical Points},
  journal = prl,
  year = {1995},
  volume = {75},
  pages = {2792-2795}
}

@INPROCEEDINGS{MaGr96a,
  author = {Machta, J. and Greenlaw, R.},
  title = {Parallel Computational Complexity and Logical Depth in Statistical
	Physics},
  booktitle = {PhysComp96},
  year = {1996},
  editor = {T. Toffoli, M. Biafore and J. Leao},
  pages = {201-207},
  organization = {New England Complex Systems Institute}
}

@ARTICLE{MaGr96,
  author = {Machta, J. and Greenlaw, R.},
  title = {The Computational Complexity of Generating Random Fractals},
  journal = jsp,
  year = {1996},
  volume = {82},
  pages = {1299}
}

@UNPUBLISHED{MacUn,
  author = {Machta, J. and Greenlaw, R.},
  title = {{\cal P}-complete problems in statistical physics},
  note = {Unpublished},
  year = {1994}
}

@ARTICLE{MaGr,
  author = {Machta, J. and Greenlaw, R.},
  title = {The Parallel Complexity of Growth Models},
  journal = jsp,
  year = {1994},
  volume = {77},
  pages = {755-781}
}

@ARTICLE{MaGu88,
  author = {Machta, J. and Guyer, R.A.},
  title = {Superfluid Films in Porous Media},
  journal = prl,
  year = {1988},
  volume = {60},
  pages = {2054}
}

@ARTICLE{MaKi,
  author = {Machta, J. and Kirkpatrick, T. R.},
  title = {Self-Avoiding Walks and Manifolds in Random Environments},
  journal = pra,
  year = {1990},
  volume = {41},
  pages = {5345}
}

@ARTICLE{MaLi01,
  author = {Machta, J. and Li, X.-N.},
  title = {Parallel Dynamics and Computational Complexity of the {B}ak-{S}neppen
	Model},
  journal = physa,
  year = {2001},
  volume = {300},
  pages = {245-270}
}

@ARTICLE{MaMo96,
  author = {Machta, J. and Moriarty, K.},
  title = {The Computational Complexity of the {L}orentz Lattice Gas},
  journal = jsp,
  year = {1997},
  volume = {87},
  pages = {1245}
}

@ARTICLE{MaNeCh00,
  author = {Machta, J. and Newman, M. E. J. and Chayes, L. B.},
  title = {Replica-exchange algorithm and results for the three-dimensional
	random field {I}sing model},
  journal = pre,
  year = {2000},
  volume = {62},
  pages = {8782-8789}
}

@ARTICLE{MaOp82,
  author = {Machta, J. and Oppenheim, I.},
  title = {Mode Coupling Theory of Hydrodynamics and Steady State Systems},
  journal = physa,
  year = {1982},
  volume = {112},
  pages = {361}
}

@ARTICLE{MaSo,
  author = {Madras, N. and Sokal, A. D.},
  title = {The Pivot Algorithm: A Highly Efficient {M}onte {C}arlo Method for
	the Self-Avoiding Walk},
  journal = jsp,
  year = {1988},
  volume = {50},
  pages = {109}
}

@ARTICLE{Mak,
  author = {Makarov, N. G.},
  title = {On the Distortion of Boundary Sets Under Conformal Mappings},
  journal = {Proc. London Math. Soc.},
  year = {1985},
  volume = {51},
  pages = {369},
  series = {3}
}

@ARTICLE{Ma92,
  author = {Mandelbrot, B. B.},
  title = {Plane {DLA} is not self-similar; is it a fractal that becomes increasingly
	compact as it grows?},
  journal = {Physica A},
  year = {1992},
  volume = {191},
  pages = {95}
}

@BOOK{Man83,
  title = {The Fractal Geometry of Nature},
  publisher = {Freeman},
  year = {1983},
  author = {Mandelbrot, B. B.},
  address = {San Francisco}
}

@ARTICLE{MaPa,
  author = {Marinari, E. and Parisi, G.},
  title = {Simulated Tempering: A New {M}onte {C}arlo Scheme},
  journal = epl,
  year = {1992},
  volume = {19},
  pages = {451}
}

@BOOK{MaDi,
  title = {Nonequilibrium Phase Transitions},
  publisher = {Cambridge University Press},
  year = {1996},
  author = {Marro, J. and Dickman, R.},
  address = {Cambridge}
}

@UNPUBLISHED{MaTu,
  author = {Masek, J. G. and Turcotte, D. L.},
  title = {A Diffusion-Limited Aggregation Model for the Evolution of Drainage
	Networks},
  note = {Preprint},
  year = {1992}
}

@ARTICLE{May89,
  author = {Mayer, I. O.},
  title = {Critical exponents of the dilute {I}sing model from four-loop expansions},
  journal = jpa,
  year = {1989},
  volume = {22},
  pages = {2815}
}

@UNPUBLISHED{May04,
  author = {Mayfield, J. E.},
  title = {Minimal History, a Theory of Plausible Explanation},
  note = {cond-mat/0104185},
  year = {2004}
}

@ARTICLE{MaDe,
  author = {Maynard, R. and Deutscher, G.},
  title = {Apparent Anomalous Critical Behaviour of Superfluid Helium 4 in Porous
	Medium},
  journal = epl,
  year = {1989},
  volume = {10},
  pages = {257}
}

@ARTICLE{MeDe86,
  author = {Meakin, P. and Deutch, J. M.},
  title = {The Formation of Surfaces by Diffusion-Limited Annihilation},
  journal = jcp,
  year = {1986},
  volume = {85},
  pages = {2320}
}

@ARTICLE{MeMaHaSt84,
  author = {Meakin, P. and Majid, I. and Havlin, S. and Stanley, H. E.},
  title = {Topological Properties of Diffusion Limited Aggregation and Cluster-Cluster
	Aggregation},
  journal = jpa,
  year = {1984},
  volume = {17},
  pages = {L975-L981}
}

@ARTICLE{MeRaSaBa,
  author = {Meakin, P. and Ramanlal, P. and Sander, L. M. and Ball, R. C.},
  title = {Ballistic Deposition on Surfaces},
  journal = pra,
  year = {1986},
  volume = {34},
  pages = {5091}
}

@ARTICLE{Met,
  author = {Metropolis, N. and Rosenbluth, M.N. and Teller, A.H. and Teller,
	E.},
  title = {Equation of state calculations by fast computing machines},
  journal = {J.Chem.Phys.},
  year = {1953},
  volume = {21},
  pages = {1087}
}

@ARTICLE{MeMo94,
  author = {Mezard, C. and Monasson, R.},
  title = {Glassy Transition in the three-dimensional random field {I}sing model},
  journal = prb,
  year = {1994},
  volume = {50},
  pages = {7199}
}

@UNPUBLISHED{Midd,
  author = {Middleton, A. A.},
  title = {Critical slowing down in polynomial time algorithms},
  note = {cond-mat/0104185},
  year = {2001}
}

@UNPUBLISHED{Midd99,
  author = {Middleton, A. A.},
  title = {Computational Complexity of Determining the Barriers to Interface
	Motion in Random Systems},
  note = {To appear Phys. Rev. E and cond-mat/9902203},
  year = {1999}
}

@ARTICLE{MiFi02,
  author = {Middleton, A. A. and Fisher, D. S.},
  title = {The three-dimensional random field {I}sing magnet: interfaces, scaling,
	and the nature of states},
  journal = prb,
  year = {2002},
  volume = {65},
  pages = {134411}
}

@INPROCEEDINGS{MiSeLe92,
  author = {Mitchell, D. G. and Selman, B. and Levesque, H. J.},
  title = {Hard and Easy Distributions for {SAT} Problems},
  booktitle = {Proceedings of the Tenth National Conference on Artificial Intelligence},
  year = {1992},
  editor = {Rosenbloom, P. and Szolovits, P.},
  pages = {459--465},
  address = {Menlo Park, California},
  publisher = {AAAI Press}
}

@ARTICLE{MoZeKiSeTr99,
  author = {Monasson, R. and Zecchina, R. and Kirkpatrick, S. and Selman, B.
	and Troyansky, L.},
  title = {Determining Computational Complexity from Characteristic 'Phase Transitions'},
  journal = {Nature},
  year = {1999},
  volume = {400},
  pages = {133-137}
}

@ARTICLE{MoGi95,
  author = {Moon, K. and Girvin, S. M.},
  title = {Critical-Behavior of Superfluid $^4${H}e in Aerogel},
  journal = prl,
  year = {1995},
  volume = {75},
  pages = {1328-1331}
}

@ARTICLE{moore00exact,
  author = {C. Moore},
  title = {Exact solution of site and bond percolation on small-world networks},
  year = {2000},
  text = {Moore, C., and M. E. J. Newman. 2000. Exact solution of site and bond
	percolation on small-world networks. Physical Review E 62: 7059-7065.},
  url = {citeseer.ist.psu.edu/moore00exact.html}
}

@ARTICLE{Moore97,
  author = {Moore, C.},
  title = {Majority-Vote Cellular Automata, {I}sing Dynamics, and {P}-Completeness},
  journal = jsp,
  year = {1997},
  volume = {88},
  pages = {795}
}

@ARTICLE{MoMa00,
  author = {Moore, C. and Machta, J.},
  title = {Internal Diffusion-Limited Aggregation: Parallel Algorithms and Complexity},
  journal = jsp,
  year = {2000},
  volume = {99},
  pages = {661}
}

@ARTICLE{MoNi99,
  author = {Moore, C. and Nilsson, M.},
  title = {The Computational Complexity of Sandpiles},
  journal = jsp,
  year = {1999},
  volume = {96},
  pages = {205-224}
}

@UNPUBLISHED{MoNo97,
  author = {Moore, C. and Nordahl, M. G.},
  title = {Lattice Gas Prediction is {P}-complete},
  note = {comp-gas/9609001},
  year = {1997}
}

@ARTICLE{Mori65,
  author = {Mori, H.},
  title = {Transport, Collective Motion, and Brownian Motion},
  journal = {Prog. Theor. Phys.},
  year = {1965},
  volume = {33},
  pages = {423}
}

@ARTICLE{MoMa,
  author = {Moriarty, K. and Machta, J.},
  title = {The Computational Complexity of the Lorentz Lattice Gas},
  journal = jsp,
  year = {1997},
  volume = {87},
  pages = {1245}
}

@ARTICLE{MoMaGr97,
  author = {Moriarty, K. and Machta, J. and Greenlaw, R.},
  title = {Parallel Algorithm and Dynamic Exponent for Diffusion-limited Aggregation},
  journal = pre,
  year = {1997},
  volume = {55},
  pages = {6211-6218}
}

@ARTICLE{MoMaCh,
  author = {Moriarty, K. Machta, J. and Chayes, L. Y.},
  title = {Dynamic and Static properties of the Invaded Cluster Algorithm},
  journal = pre,
  year = {1999},
  volume = {59},
  pages = {1425-1434}
}

@BOOK{Morris,
  title = {Life's Solution: Inevitable Humans in a Lonely Universe},
  publisher = {Cambridge University Press},
  year = {2003},
  author = {Morris, S. C.}
}

@ARTICLE{MuMeGoAh,
  author = {Mulders, N. and Mehrotra, R. and Goldner, L. S. and Ahlers, G.},
  title = {Superfluid Density from Heat-Pulse Propagation near the $\lambda$
	Line in $^4${He}-Aerogel System},
  journal = prl,
  year = {1991},
  volume = {67},
  pages = {695}
}

@ARTICLE{Munk,
  author = {Munkel, C. and et. al.},
  title = {???},
  journal = {Physica A},
  year = {1993},
  volume = {193},
  pages = {540}
}

@ARTICLE{NaFi94,
  author = {Narayan, O. and Fisher, D. S.},
  title = {Nonlinear Fluid Flow in Random Media: Critical Phenomena Near Threshold},
  journal = prb,
  year = {1994},
  volume = {49},
  pages = {9469}
}

@ARTICLE{NaFi93,
  author = {Narayan, O. and Fisher, D. S.},
  title = {Threshold Critical Dynamics of Driven Interfaces in Random Media},
  journal = prb,
  year = {1993},
  volume = {48},
  pages = {7030}
}

@ARTICLE{NaFi,
  author = {Narayan, O. and Fisher, D. S.},
  title = {Logarithmic Effects on the Critical Behavior of Superfluids in Random
	Media},
  journal = prb,
  year = {1990},
  volume = {42},
  pages = {7869}
}

@INCOLLECTION{Natt97,
  author = {Nattermann, T.},
  title = {Theory of the Random field {I}sing Model},
  booktitle = {Spin Glasses and Random Fields},
  publisher = {World Scientific},
  year = {1997},
  editor = {Young, A. P.},
  address = {Singapore}
}

@ARTICLE{Neimark89,
  author = {Neimark, A. V.},
  title = {Multiscale Percolation Systems},
  journal = {Sov. Phys. JETP},
  year = {1989},
  volume = {69},
  pages = {786}
}

@BOOK{Nels83,
  title = {Phase Transitions and Critical Phenomena},
  publisher = {Academic Press},
  year = {1983},
  author = {Nelson, D. R.},
  volume = {7},
  date-added = {2006-04-27 11:58:38 -0400},
  date-modified = {2006-04-27 12:06:45 -0400}
}

@ARTICLE{Nel79,
  author = {Nelson, D. R. and Halperin, B. I.},
  journal = {Phys. Rev. B},
  year = {1979},
  volume = {19},
  number = {2457},
  date-added = {2006-04-27 11:47:49 -0400},
  date-modified = {2006-04-27 11:48:25 -0400}
}

@BOOK{NeBa99,
  title = {Monte Carlo Methods in Statistical Physics},
  publisher = {Oxford},
  year = {1999},
  author = {Newman, M. E. J. and Barkema, G. T.},
  address = {Oxford}
}

@ARTICLE{NeBa,
  author = {Newman, M. E. J. and Barkema, G. T.},
  title = {{M}onte {C}arlo Study of the Random-Field {I}sing model},
  journal = pre,
  year = {1996},
  volume = {53},
  pages = {393}
}

@ARTICLE{NiBl00,
  author = {Nightingale, M. P. and Blote, H. W. J.},
  title = {{M}onte {C}arlo Computation of Correlation Times of Independent Relaxation
	Modes at Criticality},
  journal = prb,
  year = {2000},
  volume = {62},
  pages = {1089-1101}
}

@ARTICLE{NoKoMaRo,
  author = {Nolle, C. S. and Koiller, B. and Martys, N. and Robbins, M. O.},
  title = {Morphology and Dynamics of Interfaces in Random Two-Dimensional Media},
  journal = prl,
  year = {1993},
  volume = {71},
  pages = {2074}
}

@ARTICLE{NoUsEs,
  author = {Nowak, U. and Usadel, K. D. and Esser J.},
  title = {Modified Scaling Relation for the Random-Field {I}sing Model},
  journal = physa,
  year = {1998},
  volume = {250},
  pages = {1-7}
}

@ARTICLE{NuYo,
  author = {Nusse, H. E. and Yorke, J. A.},
  title = {Is Every Approximate Trajectory of Some Process Near an Exact Trajectory
	of a Nearby Process},
  journal = {Commun. Math. Phys.},
  year = {1988},
  volume = {114},
  pages = {363-379}
}

@ARTICLE{Obuk,
  author = {Obukhov, S. P.},
  title = {Polymer Chain in Disordered Media},
  journal = pra,
  year = {1990},
  volume = {42},
  pages = {2015}
}

@ARTICLE{Ogielski,
  author = {Ogielski, A. T.},
  title = {Integer Optimization and Zero-Temperature Fixed Point in {I}sing
	Random-Field Systems},
  journal = prl,
  year = {1986},
  volume = {57},
  pages = {1251}
}

@ARTICLE{Ols95,
  author = {Olsson, P.},
  title = {Monte {C}arlo analysis of the two dimensional {XY} model. II. Comparison
	with the {K}osterlitz renormalization-group equations},
  journal = prb,
  year = {1995},
  volume = {52},
  pages = {4526}
}

@ARTICLE{On84,
  author = {Onuki, A.},
  title = {Theory of Helium Under Heat Flow Near the $\lambda$ Point. {II}.
	{D}ynamics of Phase Change},
  journal = jltp,
  year = {1984},
  volume = {55},
  pages = {309}
}

@ARTICLE{On83,
  author = {Onuki, A.},
  title = {Theory of Helium Under Heat Flow Near the $\lambda$ Point. {I}. {I}nterface
	of {He} {I} and {He} {II}},
  journal = jltp,
  year = {1983},
  volume = {50},
  pages = {433}
}

@ARTICLE{Os93,
  author = {Ossadnik, P.},
  title = {Multiscaling analysis and width of the active zone of large off-lattice
	{DLA}},
  journal = {Physica A},
  year = {1993},
  volume = {195},
  pages = {319}
}

@ARTICLE{Os91,
  author = {Ossadnik, P.},
  title = {Multiscaling Analysis of Large-Scale Off-Lattice {DLA}},
  journal = {Physica A},
  year = {1991},
  volume = {176},
  pages = {454}
}

@ARTICLE{OsSo04,
  author = {Ossola, G. and Alan D Sokal, A. D.},
  title = {Dynamic Critical Behavior of the {S}wendsen--{W}ang Algorithm for
	the Three-Dimensional {I}sing Model},
  journal = {Nuclear Physics B},
  year = {2004},
  volume = {691},
  pages = {259}
}

@ARTICLE{PaMaBa96,
  author = {Paczuski, M. and Maslov, S. and Bak, P.},
  title = {Avalanche Dynamics in Evolution, Growth and Depinning Models},
  journal = pre,
  year = {1996},
  volume = {53},
  pages = {414-443}
}

@ARTICLE{PaMaBa94,
  author = {Paczuski, M. and Maslov, S. and Bak, P.},
  title = {Field-Theory for a Model of Self-Organized Criticality},
  journal = epl,
  year = {1994},
  volume = {27},
  pages = {97-102}
}

@MASTERSTHESIS{Page,
  author = {Page, K. S.},
  title = {Phase Equilibrium of Fluids Adsorbed in Heterogeneous Porous Materials},
  school = {University of Massachusetts},
  year = {1996}
}

@ARTICLE{PaMo96,
  author = {Page, K. S. and Monson, P. A.},
  title = {Phase Equilibria in a Molecular Model of a Fluid Confined in a Disordered
	Porous Material},
  journal = pre,
  year = {1996},
  volume = {54},
  pages = {R29}
}

@BOOK{Papa,
  title = {Computational Complexity},
  publisher = {Addison Wesley},
  year = {1994},
  author = {Papadimitriou, C. H.}
}

@ARTICLE{PaYa,
  author = {Papadimitriou, C. H. and Yannakakis, M.},
  title = {Optimization, approximation and complexity classes},
  journal = JCSS,
  year = {1991},
  volume = {43},
  pages = {425}
}

@ARTICLE{Parisi92,
  author = {Parisi, G.},
  title = {On Surface Growth in Random Media},
  journal = {Europhys. Lett.},
  year = {1992},
  volume = {17},
  pages = {673}
}

@ARTICLE{PePi,
  author = {Peliti, L. and Pietronero, L.},
  title = {Random Walks with Memory},
  journal = {Rev. Nuovo Cimento},
  year = {1987},
  volume = {10},
  pages = {1}
}

@UNPUBLISHED{Picco98,
  author = {Picco, M.},
  title = {A Study of Cross-Over Effects for the Random Bond {P}otts Model},
  note = {cond-mat/9802092},
  year = {1998}
}

@UNPUBLISHED{PiYo,
  author = {Pich, C. and Young, A. P.},
  title = {Critical Behavior of the Two-Dimensional Random Quantum {I}sing Ferromagnet},
  note = {cond-mat/9802108},
  year = {1998}
}

@BOOK{PlBe,
  title = {Equilibrium Statistical Physics},
  publisher = {World Scientific},
  year = {1994},
  author = {Plischke, M. and Bergersen, B.},
  address = {Singapore}
}

@ARTICLE{PlRa,
  author = {Plischke, M. and Racz, Z.},
  title = {Active Zone of Growing Clusters: Diffusion-Limited Aggregation and
	the {E}den Model},
  journal = prl,
  year = {1984},
  volume = {53},
  pages = {415}
}

@ARTICLE{PoNeMe,
  author = {Pokorny, M. and Newman, C. M. and Meiron, D.},
  title = {The Trapping Transition in Dynamic (Invasion) and Static Percolation},
  journal = jpa,
  year = {1990},
  volume = {23},
  pages = {1431-1438},
  key = {Pokorny}
}

@ARTICLE{Po52,
  author = {Potts, R. B.},
  journal = pcps,
  year = {1952},
  volume = {48},
  pages = {106}
}

@ARTICLE{PrSvTu,
  author = {Prokof'ev, N. V. and Svistunov, B. V. and Tupitsyn, I. S.},
  title = {Exact, Complete, and Universal Continuous-Time Worldline {M}onte
	{C}arlo Approach to the Statistics of Discrete Quantum Systems},
  journal = {Sov. Phys. - JETP},
  year = {1998},
  volume = {87},
  pages = {310}
}

@ARTICLE{PrWi,
  author = {Propp, J. G. and Wilson, D. B.},
  title = {Exact Sampling with Coupled {M}arkov Chains and Applications to Statistical
	Mechanics},
  journal = {Random Structures and Algorithms},
  year = {1996},
  volume = {9},
  pages = {223-252}
}

@INPROCEEDINGS{RaSi,
  author = {Randall, D. and Sinclair, A. J.},
  title = {Testable Algorithms for Self-Avoiding Walks},
  booktitle = {Proceedings of the 5th ACM-SIAM Symposium on Discrete Algorithms},
  year = {1994},
  pages = {593},
  publisher = {ACM Press}
}

@ARTICLE{ReMaCh,
  author = {Redner, O. and Machta, J. and Chayes, L. F.},
  title = {Graphical representations and cluster algorithms for critical points
	with fields},
  journal = pre,
  year = {1998},
  volume = {58},
  pages = {2749-2752}
}

@ARTICLE{Ri,
  author = {Richardson, D.},
  title = {Random Growth in a Tessellation},
  journal = {Proc. Camb. Phil. Soc.},
  year = {1973},
  volume = {74},
  pages = {515}
}

@ARTICLE{Rieg95,
  author = {Rieger, H.},
  title = {Critical Behavior of the Three-Dimensional Random-Field {I}sing model:
	Two-Exponent Scaling and Discontinuous Transition},
  journal = prb,
  year = {1995},
  volume = {52},
  pages = {6659-6667}
}

@ARTICLE{RiYo,
  author = {Rieger, H. and Young, A. P.},
  title = {Critical Exponents of the Three-Dimensional Random-Field {I}sing
	Model},
  journal = jpa,
  year = {1993},
  volume = {26},
  pages = {5279-5284}
}

@ARTICLE{Rosen,
  author = {Rosengren, A.},
  title = {On the Combinatorial Solution of the {I}sing Model},
  journal = jpa,
  year = {1986},
  volume = {19},
  pages = {1709}
}

@ARTICLE{RoHaHi,
  author = {Roux, S. and Hansen, A. and Hinrichsen, E. L.},
  title = {A Direct Mapping Between {E}den Growth Model and Directed Polymers
	in Random Media},
  journal = jpa,
  year = {1991},
  volume = {24},
  pages = {L295}
}

@ARTICLE{RoHaSi,
  author = {Roux, S. and Hansen, A. and da Silva, R. A. and Lucena, L. S. and
	Pandey, R. B.},
  title = {Minimal Path on the Hierarchical Diamond Lattice},
  journal = jsp,
  year = {1991},
  volume = {65},
  pages = {183}
}

@ARTICLE{SaWa95,
  author = {Saber, D. L. and Walz, J. Y.},
  journal = {Langmuir},
  year = {1995},
  volume = {11},
  pages = {2352}
}

@ARTICLE{SaSo97,
  author = {Salas, J. and Sokal, A. D.},
  title = {Dynamic critical behavior of the {S}wendsen-{W}ang Algorithm: the
	two-dimensional 3-state {P}otts model},
  journal = jsp,
  year = {1997},
  volume = {87},
  pages = {1}
}

@ARTICLE{SaBrQu,
  author = {dos Santos, R. R. and Branco, N. S. and de Queiroz, S. L. A.},
  title = {Superfluid Transition of $^4${He} in Fractal Media},
  journal = epl,
  year = {1990},
  volume = {13},
  pages = {647}
}

@ARTICLE{SaAu98,
  author = {Saravanan, C. and Auerbach, S. M.},
  title = {Simulations of High {T}$_c$ Vapor-Liquid Phase Transitions in Nanoporous
	Materials},
  journal = jcp,
  year = {1998},
  volume = {109},
  pages = {8755}
}

@ARTICLE{SaKaToKa,
  author = {Satooka, J. and Katori, H. A. and Tobo, A. and Katsumata, K.},
  title = {Absence of Hysteresis in the Heat Capacity of the Three-Dimensional
	Random-Field {I}sing Model},
  journal = prl,
  year = {1998},
  volume = {81},
  pages = {709-712}
}

@ARTICLE{SaBlLeGuDi,
  author = {Savage, J.R. and Blair, D. W. and Levine, A. J. and Guyer, R. A.
	and Dinsmore, A. D.},
  journal = {Work submitted to Science as a report}
}

@TECHREPORT{Sc90,
  author = {Schapire, R. E.},
  title = {The Emerging Theory of Average Case Complexity},
  institution = {MIT},
  year = {1990},
  number = {LCS/TM-431}
}

@ARTICLE{Sch,
  author = {Schmidt, M.},
  title = {M{C}-simulation of the 3{D}, q=3 {P}otts model},
  journal = {Z. Phys. B},
  year = {1994},
  volume = {95},
  pages = {327}
}

@UNPUBLISHED{SeDaKaKr,
  author = {Sethna, J. P. and Dahmen, K. and Kartha, S. and Krumhansl, J. A.
	and Roberts, B. W. and Shore, J. D.},
  title = {Hysteresis and Hierarchies: Dynamics of Disorder-Driven First- Order
	Phase Transformations},
  note = {Preprint},
  year = {1992}
}

@ARTICLE{ShYe,
  author = {Shew, C.-Y. and Yethiraj, A.},
  title = {Phase Behavior of the {W}idom-{R}owlinson Mixture},
  journal = {J. Chem. Phys.},
  year = {1996},
  volume = {104},
  pages = {7665}
}

@BOOK{Si97,
  title = {Neural Networks and Analog Computation: Beyond the Turing Limit},
  publisher = {Birkhauser},
  year = {1997},
  author = {Siegelman, H.},
  series = {Progress in Theoretical Computer Science}
}

@BOOK{Sim,
  title = {The Statistical Mechanics of Lattice Gases},
  publisher = {Princeton University Press},
  year = {1993},
  author = {Simon, B.},
  volume = {1}
}

@ARTICLE{simon,
  author = {Simon, H. A.},
  title = {???},
  journal = {Biometrica},
  year = {1955},
  volume = {42},
  pages = {425}
}

@ARTICLE{SlBe98,
  author = {Slanic, Z. and Belanger, D. P.},
  title = {The Random-Field Specific Heat Critical Behavior at High Magnetic
	Concentration: {F}e$_{0.93}${Z}n$_{0.07}${F}$_2$},
  journal = {J. Magn. Magn. Mater.},
  year = {1998},
  volume = {186},
  pages = {65-73}
}

@ARTICLE{SmMaRe,
  author = {Smailer, I. and Machta, J. and Redner, S.},
  title = {Exact Enumeration of Self-Avoiding Walks on Lattices with Random
	Site Energies},
  journal = pre,
  year = {1993},
  volume = {47},
  pages = {262}
}

@ARTICLE{Sour98,
  author = {Sourlas, N.},
  title = {Universality in Random Systems: The Case of the 3-d Random Field
	{I}sing model},
  journal = {Comput. Phys. Commun.},
  year = {1999},
  volume = {122},
  pages = {183}
}

@ARTICLE{SoBr,
  author = {Souza, A. J. F. de and Brady Moreira, F. G.},
  title = {Monte Carlo Renormalization Group for Disordered Systems},
  journal = epl,
  year = {1992},
  volume = {17},
  pages = {491}
}

@ARTICLE{Stau96,
  author = {Stauffer, D.},
  journal = {Physica A},
  year = {1992},
  volume = {186},
  pages = {197},
  date-modified = {2006-04-27 12:48:35 -0400}
}

@BOOK{StAh,
  title = {Introduction to Percolation Theory},
  publisher = {Taylor \& Francis},
  year = {1992},
  author = {Stauffer, D. and Aharony, A.},
  address = {London}
}

@ARTICLE{StHe,
  author = {Stillinger, F. H. and Helfand, E.},
  title = {Critical solution Behavior in a Binary Mixture of Gaussian Molecules},
  journal = jcp,
  year = {1964},
  volume = {41},
  pages = {2495}
}

@ARTICLE{SwCh92,
  author = {Swanson, D. R. and Chui, T. C. P. and Lipa, J. A.},
  title = {Propagation of second sound near ${T}_{\lambda}$},
  journal = prb,
  year = {1992},
  volume = {46},
  pages = {9043}
}

@ARTICLE{Swe,
  author = {Sweeny, M.},
  title = {{M}onte {C}arlo study of weighted percolation clusters relevant to
	the {P}otts model},
  journal = prb,
  year = {1983},
  volume = {27},
  pages = {4445}
}

@ARTICLE{SwWa,
  author = {Swendsen, R. H. and Wang, J.-S.},
  title = {Nonuniversal Critical Dynamics in {Monte} {Carlo} Simulations},
  journal = prl,
  year = {1987},
  volume = {58},
  pages = {86}
}

@ARTICLE{SwWa86,
  author = {Swendsen, R. H. and Wang, J.-S.},
  title = {Replica {M}onte {C}arlo Simulations of Spin Glasses},
  journal = prl,
  year = {1986},
  volume = {57},
  pages = {2607-2609}
}

@ARTICLE{SwBrMaCiBa,
  author = {Swift, M. R. and Bray, A. J. and Maritan, A. and Cieplak, M. and
	Banavar, J. R.},
  title = {Scaling of the Random-Field {I}sing Model at Zero Temperature},
  journal = epl,
  year = {1997},
  volume = {38},
  pages = {273-278}
}

@ARTICLE{Ta93,
  author = {Tamayo, P.},
  title = {???},
  journal = {Physica A},
  year = {1993},
  volume = {201},
  pages = {543}
}

@ARTICLE{FlTa,
  author = {Tamayo, P. and Flanigan, M.},
  title = {Parallel Cluster Labelling for Large-Scale {M}onte {C}arlo Simulations},
  journal = {Physica},
  year = {1995},
  volume = {A215},
  pages = {461}
}

@ARTICLE{TaBa,
  author = {Tang, C. and Bak, P.},
  title = {Critical Exponents and Scaling Relations for Self-Organized Critical
	Phenomena},
  journal = prl,
  year = {1988},
  volume = {60},
  pages = {2347}
}

@ARTICLE{TaKaDh,
  author = {Tang, L.-H. and Kardar, M. and Dhar, D.},
  title = {Driven Depinning in Anisotropic Media},
  journal = prl,
  year = {1995},
  volume = {74},
  pages = {920}
}

@ARTICLE{TaKeWo,
  author = {Tang, L.-H. and Kertesz, J. and Wolf, D. E.},
  title = {Kinetic Roughening with Power-Law Waiting Time Distribution},
  journal = jpa,
  year = {1991},
  volume = {24},
  pages = {L1193}
}

@ARTICLE{TaLe,
  author = {Tang, L.-H. and Leschhorn, H.},
  title = {Pinning by Directed Percolation},
  journal = pra,
  year = {1992},
  volume = {45},
  pages = {R8309}
}

@ARTICLE{Tej94,
  author = {Tejero, C. F. and Daanoun, A. and Lekkerkerker, H. N. W. and Baus,
	M.},
  title = {Phase diagrams of simple fluids with extreme pair potentials},
  journal = {Phys. Rev. Lett.},
  year = {1994},
  volume = {73},
  date-added = {2006-04-27 12:15:34 -0400},
  date-modified = {2006-04-27 12:16:50 -0400}
}

@BOOK{ThSw,
  title = {Graphs: Theory and Algorithms},
  publisher = {John Wiley \& Sons, Inc.},
  year = {1992},
  author = {Thulasiraman, K. and Swamy, M. N. S.}
}

@ARTICLE{TiMa04,
  author = {Tillberg, D. and Machta, J.},
  title = {Structural and Computational Depth of Diffusion Limited Aggregation},
  journal = pre,
  year = {2004},
  volume = {69},
  pages = {051403}
}

@ARTICLE{ToMe,
  author = {Tolman, S. and Meakin, P.},
  title = {Off-lattice and hypercubic-lattice models for diffusion-limited aggregation
	in dimensionalities 2--8},
  journal = pra,
  year = {1989},
  volume = {40},
  pages = {428}
}

@ARTICLE{UzHaJu95,
  author = {Uzelac, K. and Hasmy, A. and Jullien, R.},
  title = {Numerical Study of Phase-Transition Inside the Pores of Aerogels},
  journal = {J. Non-crystalline Solids},
  year = {1995},
  volume = {86},
  pages = {365-371}
}

@ARTICLE{Ve,
  author = {Venkateswaran, H.},
  title = {Circuit Definitions of Nondeterministic Complexity Classes},
  journal = SIAMJC,
  year = {1992},
  volume = {21},
  pages = {655}
}

@BOOK{Vi,
  title = {Fractal Growth Phenomena},
  publisher = {World Scientific},
  year = {1992},
  author = {Vicsek, T.},
  address = {Singapore}
}

@ARTICLE{Villain85,
  author = {Villain, J.},
  title = {Equilibrium Critical Properties of Random Field Systems: New Conjectures},
  journal = {J. Physique},
  year = {1985},
  volume = {46},
  pages = {1843}
}

@ARTICLE{Vold,
  author = {Vold, M. J.},
  title = {A Numerical Approach to the Problem of Sediment Volume},
  journal = {J. Colloid Sci.},
  year = {1959},
  volume = {14},
  pages = {168}
}

@BOOK{VoBu,
  title = {Theory of Self-Reproducing Automata},
  publisher = {University of Illinois Press},
  year = {1966},
  author = {Von Neumann, J.},
  address = {Urbana},
  note = {Edited and completed by A. W. Burks}
}

@ARTICLE{Vo,
  author = {Voss, R. F.},
  title = {Birth, Death, Step Size and the Shape of {DLA}},
  journal = {Fractals},
  year = {1993},
  volume = {1},
  pages = {141}
}

@ARTICLE{Voss84,
  author = {Voss, R. F.},
  title = {Multiparticle diffusive fractal aggregation},
  journal = PRB,
  year = {1984},
  volume = {30},
  pages = {334}
}

@ARTICLE{Vri76,
  author = {Vrij, A.},
  journal = {Pure Applied Chem.},
  year = {1976},
  volume = {48},
  pages = {471}
}

@ARTICLE{Vro92,
  author = {Vroege, G. L. and Lekkerkerker, H. N. W.},
  journal = {Rep. Prog. Phys.},
  year = {1992},
  volume = {55},
  pages = {1241},
  date-added = {2006-04-27 10:53:54 -0400},
  date-modified = {2006-04-27 10:55:07 -0400}
}

@ARTICLE{WaLa01,
  author = {Wang, F. and Landau, D. P.},
  title = {Determining the density of states for classical statistical models:
	A random walk algorithm to produce a flat histogram},
  journal = PRE,
  year = {2001},
  volume = {64},
  pages = {056101}
}

@ARTICLE{WaSw90,
  author = {Wang, J.-S. and Swendsen, R. H.},
  title = {Cluster {M}onte {C}arlo Algorithms},
  journal = physa,
  year = {1990},
  volume = {167},
  pages = {565}
}

@ARTICLE{WaSw88,
  author = {Wang, J.-S. and Swendsen, R. H.},
  title = {Low Temperature Properties of the $\pm$ {J} {I}sing Spin Glass in
	Two Dimensions},
  journal = prb,
  year = {1988},
  volume = {38},
  pages = {4840}
}

@ARTICLE{WaWoMuCh,
  author = {Wang, J.-S. and Wohlert, M. and Muhlenbein, H. and Chowdhury, D.},
  title = {The Three-Dimensional Dilute {I}sing Magnet},
  journal = {Physica A},
  year = {1990},
  volume = {166},
  pages = {173}
}

@ARTICLE{Wa,
  author = {Wautelet, M.},
  journal = {J. Phys. D},
  year = {1991},
  volume = {24},
  pages = {343}
}

@ARTICLE{WeHa,
  author = {Weinrib, A. and Halperin, B. I.},
  title = {Critical Phenomena in Systems with Long-Range-Correlated Quenched
	Disorder},
  journal = prb,
  year = {1983},
  volume = {27},
  pages = {413}
}

@INCOLLECTION{Welsh,
  author = {Welsh, D. J. A.},
  title = {The Computational Complexity of Some Classical Problems from Statistical
	Physics},
  booktitle = {Disorder in Physical Systems},
  publisher = {Oxford University Press},
  year = {1990},
  editor = {Grimmett, G. R. and Welsh, D. J. A.},
  pages = {307},
  address = {Oxford}
}

@ARTICLE{WiRo,
  author = {Widom, B. and Rowlinson, J. S.},
  title = {New Model for the Study of Liquid-Vapor Phase Transitions},
  journal = {J. Chem. Phys.},
  year = {1970},
  volume = {52},
  pages = {1670}
}

@ARTICLE{WiBa,
  author = {Wilkinson, D. and Barsony, M.},
  title = {Monte {Carlo} Study of Invasion Percolation Clusters in Two and Three
	Dimensions},
  journal = jpa,
  year = {1984},
  volume = {17},
  pages = {L129}
}

@ARTICLE{WiWi,
  author = {Wilkinson, D. and Willemsen, J. F.},
  title = {Invasion Percolation: A New Form of Percolation Theory},
  journal = jpa,
  year = {1983},
  volume = {16},
  pages = {3365},
  key = {Wilkinson}
}

@UNPUBLISHED{WiDo,
  author = {Wiseman, S. and Domany, E.},
  title = {Lack of Self-Averaging in Critical Disordered Systems},
  note = {cond-mat/9506101},
  year = {1995}
}

@ARTICLE{WiSa,
  author = {Witten, T. A. and Sander, L. M.},
  title = {Diffusion-Limited Aggregation, a Kinetic Critical Phenomenon},
  journal = prl,
  year = {1981},
  volume = {47},
  pages = {1400},
  key = {DLA}
}

@ARTICLE{Wol75,
  author = {ten Wolde, P. R. and Frenkel, D.},
  journal = {Science},
  year = {1975},
  volume = {277},
  date-added = {2006-04-27 10:31:32 -0400},
  date-modified = {2006-04-27 10:33:28 -0400}
}

@ARTICLE{ShOx,
  author = {ten Wolde, P. R. and Ruiz-Montero, M. J. and Frenkel, D.},
  journal = {Phys. Rev. Lett.},
  year = {1995},
  volume = {75},
  pages = {2714}
}

@ARTICLE{WoRuFr,
  author = {ten Wolde, P. R. and Ruiz-Montero, M. J. and Frenkel, D.},
  journal = {Phys. Rev. Lett.},
  year = {1995},
  volume = {75},
  pages = {2714}
}

@ARTICLE{Wolff,
  author = {Wolff, U.},
  title = {Collective {M}onte {C}arlo Updating for Spin Systems},
  journal = prl,
  year = {1989},
  volume = {62},
  pages = {361}
}

@ARTICLE{Wolff89b,
  author = {Wolff, U.},
  title = {Comparison Between Cluster {M}onte {C}arlo Algorithms in the {I}sing
	Model},
  journal = {Phys. Lett. B},
  year = {1989},
  volume = {228},
  pages = {379}
}

@BOOK{Wolf02,
  title = {A New Kind of Science},
  publisher = {Wolfram Media},
  year = {2002},
  author = {Wolfram, S.}
}

@BOOK{Wolf94,
  title = {Cellular Automata and Complexity},
  publisher = {Perseus Press},
  year = {1994},
  author = {Wolfram, S.}
}

@ARTICLE{Wolf85,
  author = {Wolfram, S.},
  title = {Undecidability and Intractability in Theoretical Physics},
  journal = prl,
  year = {1985},
  volume = {54},
  pages = {735-738}
}

@ARTICLE{WoCh,
  author = {Wong, A. P. Y. and Chan, M. H. W.},
  title = {Liquid-Vapor Critical Point of $^4${H}e in Aerogel},
  journal = prl,
  year = {1990},
  volume = {65},
  pages = {2567-2570}
}

@ARTICLE{WoKiGoCh,
  author = {Wong, A. P. Y. and Kim, S. B. and Goldburg, W. I. and Chan, M. H.
	W.},
  title = {Phase Separation, Density Fluctuation, and Critical Dynamics of {N}$_2$
	in Aerogel},
  journal = prl,
  year = {1993},
  volume = {70},
  pages = {954}
}

@ARTICLE{WoCrChRe,
  author = {Wong, G. K. S. and Crowell, P. A. and Cho, H. A. and Reppy, J. D.},
  title = {Superfluid Critical Behavior in the Presence of Dilute Correlated
	Impurity},
  journal = prb,
  year = {1993},
  volume = {48},
  pages = {3858-3880}
}

@ARTICLE{WoCrChRe90,
  author = {Wong, G. K. S. and Crowell, P. A. and Cho, H. A. and Reppy, J. D.},
  title = {Superfluid Critical Behavior in $^4${H}e-Filled Porous Media},
  journal = prl,
  year = {1990},
  volume = {65},
  pages = {2410}
}

@ARTICLE{Wong96,
  author = {Wong, P.-z.},
  title = {Specific Heat of Random-Field {I}sing Systems},
  journal = prl,
  year = {1996},
  volume = {77},
  pages = {2340}
}

@ARTICLE{Wong86,
  author = {Wong, P.-z.},
  title = {Specific Heat Study of Random-Field and Competing-Anisotropy Effects
	in {F}e$_{1-x}${C}o$_{x}${C}l$_2$},
  journal = prb,
  year = {1986},
  volume = {34},
  pages = {1864--1879}
}

@ARTICLE{Wu82,
  author = {Wu, F. Y.},
  title = {The {Potts} Model},
  journal = {Rev. Mod. Phys.},
  year = {1982},
  volume = {54},
  pages = {235}
}

@UNPUBLISHED{WuMa,
  author = {Wu, Y. and Machta, J.},
  title = {Finite Size Scaling and Critical Exponents of the Zero Temperature
	Random Field {I}sing Model},
  year = {2005}
}

@UNPUBLISHED{Yama,
  author = {Yamakami, T.},
  title = {Polynomial Time Samplable Distributions},
  note = {ECCC TR96-039},
  year = {1995}
}

@ARTICLE{You79,
  author = {Young, A. P.},
  journal = {Phys. Rev. B},
  year = {1979},
  volume = {19},
  date-added = {2006-04-27 11:46:31 -0400},
  date-modified = {2006-04-27 11:47:14 -0400}
}

@ARTICLE{YoNa,
  author = {Young, A. P. and Nauenberg, M.},
  title = {Quasicritical Behavior and First-Order Transition in the $d=3$ Random-Field
	{I}sing Model},
  journal = prl,
  year = {1985},
  volume = {54},
  pages = {2429}
}

@ARTICLE{Zh,
  author = {Zhang, Y.-C.},
  title = {Non-Universal Roughening of Kinetic Self-Affine Interfaces},
  journal = {J. Physique},
  year = {1990},
  volume = {51},
  pages = {2129}
}

@ARTICLE{ZhSc98,
  author = {Zheng, B. and Schultz, M. and Trimper, S.},
  title = {Dynamic Simulations of the {K}osterlitz-{T}houless Phase Transition},
  journal = pre,
  year = {1999},
  volume = {59},
  pages = {R1351-R1354}
}

@ARTICLE{Zh97,
  author = {Zhu, J. et. al.},
  journal = {Nature},
  year = {1997},
  volume = {387},
  pages = {883},
  date-added = {2006-04-27 10:33:38 -0400},
  date-modified = {2006-04-27 10:34:17 -0400}
}

@ARTICLE{Zi99,
  author = {Ziff, R. M.},
  title = {Exact critical exponent for the shortest-path scaling function in
	percolation},
  journal = jpa,
  year = {1999},
  volume = {32},
  pages = {L457}
}

@ARTICLE{Ziff,
  author = {Ziff, R. M.},
  title = {Spanning Probability in 2{D} Percolation},
  journal = prl,
  year = {1992},
  volume = {69},
  pages = {2670}
}

@ARTICLE{Zurek89,
  author = {Zurek, W. H.},
  title = {Algorithmic randomness and physical entropy},
  journal = pra,
  year = {1989},
  volume = {40},
  pages = {4731}
}

@ARTICLE{Zw61,
  author = {Zwanzig, R},
  title = {Memory Effects in Irreversible Thermodynamic},
  journal = {Phys. Rev.},
  year = {1961},
  volume = {124},
  pages = {983}
}

@BOOK{bekkum91,
  title = {Introduction to Zeolite Science and Practice},
  publisher = {Elsevier},
  year = {1991},
  editor = {H. van Bekkum and E. M. Flanigen and J. C. Jansen},
  address = {Amsterdam}
}

@BOOK{FaVi,
  title = {Dynamics of Fractal Surfaces},
  publisher = {World Scientific},
  year = {1991},
  editor = {Family, F. and Vicsek, T.},
  address = {Singapore}
}

@BOOK{Fr86,
  title = {Aerogels},
  publisher = {Springer-Verlag},
  year = {1986},
  editor = {Fricke, J.},
  volume = {6},
  series = {Springer Proceedings in Physics}
}

@PROCEEDINGS{PeVu,
  title = {Measures of Complexity},
  year = {1988},
  editor = {Peliti, L. and Vulpiani, A.},
  address = {Berlin},
  publisher = {Springer-Verlag},
  note = {Lecture Notes in Physics, No. 314}
}

@ARTICLE{,
  owner = {dwblair},
  timestamp = {2009.05.05}
}

@ARTICLE{,
  owner = {dwblair},
  timestamp = {2009.05.05}
}

